3325 5084
484 599 560 678 916
651 597 755 662 Nou
778 611 915 660 cntutcu
939 617 970 661 nt
994 598 1133 665 Mutum
1155 621 1304 668 tnxtuu.

487 741 568 807 dunt
580 738 653 805 Hoec
664 738 723 814 eii,
738 738 881 804 intricata
897 740 1059 818 nonnihil,
1079 743 1266 811 consttuiiio
1277 771 1289 820 3
1301 742 1403 836 quid
1422 739 1499 820 sol,

486 844 613 913 lustrans
634 847 802 939 mundum,
821 846 972 914 consumit
989 870 1089 940 annua
1104 871 1256 940 tempora.

530 1017 572 1084 V.
591 1029 667 1103 516.
688 1024 789 1107 Signa
808 1043 885 1104 per,
911 1044 1040 1108 proper
1055 987 1170 1110 figunt
1197 1024 1423 1111 anastrophe,
1460 1042 1501 1088 ut

482 1125 570 1210 apud
583 1126 694 1216 virgil.
714 1132 857 1213 Transtta
867 1153 941 1213 per,
955 1133 988 1196 &
1002 1131 1084 1217 apud
1099 1127 1204 1197 Horat.
1217 1135 1363 1219 glandem
1384 1153 1501 1215 atque

486 1237 601 1298 cubilia
616 1257 755 1319 propter.

519 1409 570 1488 ⁸V·
586 1428 606 1492 5
612 1431 654 1490 39
671 1416 703 1478 δι
720 1411 801 1498 sequ.
819 1415 917 1476 Venit
936 1418 1037 1478 omnis
1053 1417 1098 1478 ad
1109 1418 1219 1500 nstrum
1233 1419 1322 1504 Horu
1342 1415 1397 1478 die
1414 1415 1495 1488 bis,

483 1516 578 1594 mense
598 1519 665 1581 dies
683 1523 781 1604 fimet
792 1569 806 1600 ‚
832 1523 892 1586 διε.
915 1522 1106 1614 scaligerum
1129 1524 1202 1590 huic
1227 1523 1301 1589 loco
1328 1524 1494 1588 tenebras

483 1617 653 1699 offudiffe,·
672 1626 807 1716 ideoque
833 1629 957 1694 meritas
983 1631 1100 1698 Huet‘io
1126 1629 1242 1698 dedifl'e
1268 1653 1392 1718 poenas
1422 1648 1490 1692 nou

484 1727 654 1792 diffitemur.
679 1727 740 1796 se'd
761 1757 864 1826 neque
885 1737 1060 1805 Bentleium
1084 1740 1206 1816 Manilii
1228 1760 1375 1806 mentem
1403 1739 1491 1802 bene

482 1832 648 1901 assecutum
666 1833 727 1900 effe
750 1844 876 1908 credere
894 1843 1059 1929 poffumus.
1075 1849 1149 1910 Non
1171 1866 1275 1912 tamen
1296 1844 1357 1912 hic
1377 1845 1490 1910 omnia

484 1943 544 2012 effe
567 1944 721 2033 perspicua
741 1968 811 2010 cum
837 1951 932 2016 Huet.
958 1955 1104 2020 dicemus.
1128 1955 1196 2020 Irni>
1219 1954 1279 2022 sese
1306 1956 1411 2020 nobis
1435 1948 1488 2016 hic

484 2053 573 2122 offert
586 2057 685 2122 nodus
699 2056 738 2120 ad
752 2054 981 2142 expediendum
991 2061 1132 2127 difficilis.
1149 2069 1242 2142 Sunt,
1252 2067 1359 2153 inquit
1375 2063 1489 2128 Mani-

483 2162 542 2226 lius
552 2211 562 2238 ,
574 2166 682 2252 quibus
692 2162 820 2252 placeti
835 2161 899 2227 solo
909 2162 1013 2250 figno,
1026 2185 1166 2255 tempore
1180 2173 1356 2237 nativitatis
1369 2166 1486 2235 horos-

482 2289 632 2351 copante,
645 2272 750 2334 omnia
763 2271 934 2356 computari
949 2287 1106 2352 teopota3
1121 2275 1164 2338 ita
1177 2296 1212 2343 ut
1223 2277 1244 2339 ti
1256 2277 1353 2344 leone
1363 2325 1376 2354 ,
1388 2275 1485 2343 verbi

480 2371 596 2466 gratini,
610 2380 644 2440 in
660 2376 832 2460 horoscopo
853 2374 951 2462 pofito
970 2378 1037 2462 quis
1053 2395 1141 2439 natus
1157 2375 1265 2454 fuerit,
1283 2387 1388 2465 prima
1412 2385 1485 2466 ejus

480 2484 548 2548 vitae
557 2484 650 2560 hora,
663 2484 759 2569 prima
770 2482 834 2547 dies
844 2530 854 2558 ,
864 2479 971 2546 menfis
982 2483 1113 2567 primun,
1124 2483 1295 2572 primusque
1309 2505 1419 2550 annus
1435 2487 1484 2551 ad

478 2588 603 2656 leonem
629 2615 669 2658 ex
693 2615 780 2682 aequo
807 2592 1011 2677 pertineant3
1042 2587 1176 2654 incunda
1201 2589 1299 2668 hora,
1327 2591 1483 2658 secunda
1516 2587 1517 2596 ¹

479 2697 560 2776 dies,
569 2704 631 2765 &c.
640 2701 679 2766 ad
691 2702 845 2790 virginem
852 2746 862 2776 ‚
872 2703 903 2764 &
913 2697 952 2762 fic
961 2697 1115 2783 deinceps.
1125 2699 1346 2788 Ergone,quia
1358 2696 1479 2766 eidem

479 2809 601 2897 origine
621 2811 783 2875 nascuntur
800 2808 855 2872 illa
871 2827 1030 2893 tempora,
1044 2805 1167 2876 eosdem
1181 2804 1299 2892 semper
1313 2811 1475 2893 patientur

481 2914 637 2982 influxus?
662 2917 811 2984 Minimi:
843 2916 930 2980 brevi
957 2911 1220 2990 dissociabuntur,
1253 2918 1326 3003 quia
1353 2913 1479 2994 tardius*

482 3023 553 3100 ssla,
571 3025 635 3090 haec
654 3013 965 3090 citins‘absolvuntur.
984 3021 1035 3085 Ad
1051 3021 1131 3085 idem
1150 3023 1257 3106 astrum
1276 3022 1326 3088 seu
1348 3025 1469 3114 fignum

480 3135 557 3198 hora
580 3133 630 3199 die
653 3135 701 3200 bis
725 3134 854 3206 veniet;
880 3132 957 3196 hora
981 3129 1097 3195 scilicet
1117 3131 1186 3194 vitae
1208 3132 1305 3222 ptima
1331 3137 1365 3198 &
1391 3134 1467 3196 hora

481 3234 731 3317 decima-tertia,
756 3241 774 3309 ὲ
797 3241 910 3330 viginti
934 3258 1065 3330 quatuor
1087 3238 1149 3302 diei
1170 3239 1271 3323 prima
1297 3241 1405 3317 horis,
1426 3239 1466 3304 ad

479 3348 603 3414 leonem
623 3347 690 3415 solae
707 3351 926 3436 pertinebunt:
945 3346 1051 3413 mensis
1076 3347 1164 3430 primi
1183 3346 1248 3412 dies
1267 3349 1391 3432 prima,
1409 3349 1465 3411 de·

481 3459 664 3522 tima-tertia
674 3503 686 3534 ,
703 3461 735 3523 &
752 3458 1022 3546 vicesima-quinta
1043 3453 1111 3520 solat
1132 3455 1231 3522 leonis
1251 3455 1354 3522 irunt:
1374 3455 1464 3543 primi

478 3555 554 3631 unni
578 3565 674 3630 solum
697 3567 827 3652 primum
851 3563 984 3654 inensem
1010 3565 1064 3629 fibi
1083 3565 1255 3630 vindicabit
1280 3564 1356 3641 leo,
1380 3563 1464 3650 pari·

478 3693 585 3762 terque
604 3676 704 3761 ptime
727 3673 980 3741 dodeca'etetidos
1002 3671 1097 3738 solum
1123 3674 1252 3758 primum
1273 3692 1388 3738 annum
1400 3696 1410 3744 ς
1429 3674 1462 3732 δε

477 3778 518 3842 fic
541 3780 708 3865 respestivi
728 3782 760 3848 se
778 3806 825 3849 tts
842 3783 968 3848 habebit
987 3780 1025 3846 de
1039 3779 1134 3869 ¹{ignis
1153 3779 1398 3869 temporibusque
1414 3775 1459 3841 se·

478 3887 652 3975 quentibun
672 3891 770 3954 sicin
789 3889 912 3957 diuersa
922 3887 1053 3954 abibunt
1068 3886 1186 3976 finguln
1202 3906 1342 3973 tempota
1351 3933 1364 3967 ,
1379 3883 1454 3972 ipsa*
