3325 5084
463 586 503 632 n
554 579 556 588 ’
663 562 1265 651 LasAsraououtounc

385 741 433 838 85
459 733 570 854 Inque
589 736 662 810 suas
683 722 762 836 serii
785 756 930 840 poenas,
946 741 1197 841 lacerandaque
1218 742 1388 818 membra.
1469 738 1471 745 ’

456 884 565 982 Quod
588 885 719 962 Decios
732 911 805 962 non
824 912 931 991 omne
944 890 1044 980 tulit,
1064 915 1136 967 non
1154 915 1262 966 omne
1278 888 1448 978 Camillos

455 1024 638 1135 Tempus,
665 1039 700 1118 8<
723 1037 845 1113 invilla
863 1037 1034 1116 devidum
1058 1061 1177 1118 mente
1194 1041 1368 1114 Catonem
1380 1068 1396 1134 3
1430 1100 1433 1103 .
1534 1012 1538 1017 Ι

456 1179 621 1256 Materies
638 1183 673 1256 in
695 1208 771 1257 rem
794 1148 953 1282 supetat,
974 1212 1029 1262 res
1051 1186 1130 1289 lege
1150 1207 1330 1286 repugnat.

328 1347 331 1353 '
424 1328 505 1408 'Et
528 1353 642 1428 neque
667 1351 851 1428 paupertas
870 1329 1051 1408 breviores
1067 1330 1197 1432 excipit
1219 1355 1353 1419 annos,
1415 1339 1424 1354 '

387 1476 437 1552 90
459 1479 540 1548 Nec
558 1474 634 1546 sunt
654 1478 825 1548 innnenfic
847 1479 975 1572 opibus
997 1479 1132 1556 venalia
1152 1480 1233 1552 sata.

459 1619 532 1694 Sed
554 1619 642 1714 rapit
663 1641 707 1688 ex
723 1620 824 1690 'telio
848 1620 948 1691 sunus
968 1627 1106 1699 fortuna
1126 1628 1278 1728 superbo
1289 1677 1307 1717 5

459 1765 655 1861 Indicitque
670 1786 795 1865 rogum
815 1760 976 1851 summis,
992 1766 1172 1861 statuitque
1192 1773 1425 1867 sepulchrum.

340 1993 349 2020 1,
460 1918 638 2033 Quantum
660 1913 708 1986 est
728 1912 801 1986 hoc
821 1935 991 2011 regnum,
1015 1910 1115 2008 quod
1141 1911 1280 2010 regibus
1307 1911 1455 2007 imperat

686 2057 792 2158 ipsis?

461 2215 557 2310 Quin
582 2211 683 2286 etiam
706 2207 823 2283 infelix
846 2210 952 2285 uirtus
969 2208 1005 2281 ἃ
1028 2205 1132 2316 noxia
1151 2204 1254 2311 selixa
1290 2302 1292 2306 ‚

148 2384 166 2456 ᾗ
390 2387 416 2464 9
418 2385 443 2463 5
467 2362 511 2436 Et
528 2357 618 2432 mali⁵
639 2355 800 2430 consultis
815 2343 969 2454 pretium*
985 2355 1055 2444 est,
1075 2353 1257 2452 prudentia
1274 2349 1383 2440 fallit,
1435 2417 1438 2420 ,

462 2512 544 2586 Nec
561 2510 697 2600 fortuna
705 2508 848 2607 ,probat
868 2507 1005 2593 causas,
1025 2502 1246 2600 sequiturque
1261 2521 1455 2591 merentot,

462 2659 535 2731 Sed
556 2683 641 2758 vaga
661 2682 724 2756 per
744 2659 883 2730 cunflos
904 2652 1000 2729 nullo
1025 2654 1218 2728 discrimine
1242 2650 1361 2722 fertur.

463 2807 602 2898 Scilicet
625 2808 671 2880 est
693 2807 808 2900 aliud',
835 2806 932 2904 quod
948 2831 1020 2892 ,nos
1043 2825 1216 2904 cogatque
1241 2819 1430 2896 regatque,
1542 2848 1546 2856 -

455 2956 602 3056 'Majus,
624 2959 660 3028 aa
679 2957 714 3028 in
737 2957 893 3053 proprias
916 2955 1022 3026 ducat
1040 2946 1198 3024 mortalia
1218 2944 1339 3044 leges,
1374 2967 1376 2969 ’

279 3193 283 3199 .
368 3124 445 3180 'too
468 3101 714 3201 Attnlruatque
734 3099 812 3172 suos
830 3125 876 3171 ex
900 3097 939 3169 se
954 3094 1169 3167 nascentibus
1190 3113 1320 3174 annot,
1380 3082 1383 3091 ’
1429 3160 1432 3172 ,

463 3243 697 3362 fortuneque
717 3250 821 3325 vices.
846 3239 1142 3338 Perrniscet'saepe
1166 3239 1316 3311 setarum

465 3403 627 3499 Corpora
641 3423 720 3472 cum
739 3395 905 3472 membris
921 3392 1118 3466 hominum:
1132 3414 1204 3462 non
1219 3381 1352 3456 sentinis
1367 3376 1426 3451 ille

467 3553 587 3622 Partus
610 3549 697 3641 erit3'
713 3545 799 3645 quid
815 3545 909 3618 enim
925 3541 1027 3614 nobis
1043 3553 1232 3609 'commune
1248 3526 1395 3624 ferisque
1405 3529 1427 3600 l'

469 3695 597 3792 Quisve
617 3699 653 3768 in
673 3694 823 3790 portenti
839 3711 967 3763 noxam
986 3681 1137 3784 peccarit
1152 3674 1285 3752 adulter
1299 3691 1310 3744 ἓ

360 3842 445 3928 (105
472 3845 571 3922 Astra
591 3863 720 3918 novant
740 3841 891 3924 formas,
912 3830 1112 3925 coelumque
1126 3819 1309 3926 interpolat
1330 3847 1404 3897 ora.
