3325 5084
466 483 510 562 36
644 469 738 537 Las
774 468 1252 561 Asrnononrquzs
1360 513 1401 545 .·

465 645 555 718 Cum
579 647 679 718 certis
706 643 836 717 sociant
855 645 952 746 fignis
977 647 1038 735 sub
1058 651 1211 748 partibus
1233 652 1341 748 aequis
1354 693 1374 742 ‚-

461 796 506 867 Et
526 792 621 868 velut
642 793 794 892 hospitio
818 795 939 867 mundi
956 798 1168 879 ¹commercia
1188 804 1358 902 jungunt,
1453 894 1468 918 .

358 949 434 1025 295
459 941 738 1040 Conceduntque
757 941 830 1014 suas
848 966 961 1039 partes
978 946 1205 1018 ‘retinentibus
1225 947 1327 1020 astris.

457 1095 573 1186 Quam
595 1091 918 1192 partemdecimam
938 1092 1054 1165 dixere
1074 1081 1217 1166 decania
1234 1117 1354 1193 gentes

434 1260 437 1267 ·
456 1227 494 1302 A
518 1251 665 1300 nurnero
686 1248 814 1296 nomen
833 1221 984 1320 positum
998 1224 1044 1296 est
1061 1224 1180 1321 ,qubd
1200 1226 1351 1322 partibus
1365 1226 1448 1302 astra

458 1375 612 1451 Condita
629 1375 766 1466 tricenis
787 1371 912 1469 triplici
933 1373 995 1457 sub
1014 1373 1104 1448 sorte
1127 1375 1306 1468 feruntur,

457 1519 502 1588 Et
525 1516 677 1586 tribuunt
701 1517 807 1586 denas
831 1519 866 1588 in
893 1521 928 1590 se
951 1522 1155 1596 co'e'untibus
1173 1522 1284 1610 astris,

356 1673 430 1750 300
454 1659 565 1754 Inque
580 1661 703 1730 »vicem
727 1659 830 1728 ternis
853 1660 1048 1732 habitantur
1067 1665 1194 1765 lingula
1213 1668 1324 1770 signis.

368 1836 379 1898 ¹.
453 1809 512 1886 Sic
533 1805 607 1880 altis
634 1823 753 1876 natura
774 1822 894 1874 manet
909 1800 1075 1895 consepta
1096 1809 1273 1897 tenebris,

454 1957 500 2030 Et
520 1980 640 2030 verum
659 1955 693 2024 in
711 1975 809 2026 caeco
830 1950 878 2022 est
894 2002 902 2030 ,
918 1945 1104 2044 multaque
1116 1949 1300 2048 ambagine
1318 1979 1449 2045 rerum.
1492 1974 1495 1982 '

454 2107 535 2178 Nec
550 2103 663 2176 brevis
687 2101 734 2172 est
754 2086 854 2185 usus,
876 2125 943 2177 nec
965 2121 1054 2172 amat
1077 2080 1288 2196 compendia
1305 2100 1449 2182 coelum.

455 2251 588 2326 Verum
610 2247 681 2322 aliis
700 2247 764 2322 alia
783 2246 942 2346 opposita
962 2247 1034 2339 est,
1060 2249 1094 2319 &
1118 2243 1215 2318 fallit»
1229 2248 1371 2349 imag0,

359 2397 435 2492 305'
457 2397 691 2493 Mentiturque
711 2395 784 2467 suas
811 2396 898 2471 vires
911 2397 979 2482 „&
1002 2397 1118 2468 munia
1138 2392 1252 2483 celat,

494 2640 533 2704 V.
553 2663 619 2720 293.
637 2643 670 2702 B.
684 2641 819 2722 fimibus
839 2661 890 2718 pro
903 2641 1057 2722 partibus.

390 2783 392 2790 ¹
424 2792 426 2796 .
495 2757 535 2819 V.
561 2765 627 2827 296.
648 2723 689 2816 lta
707 2755 754 2816 Sc.
771 2755 852 2836 cujus
868 2755 1016 2816 lectionem
1027 2754 1196 2833 retinemus,
1208 2776 1267 2817 non
1282 2772 1448 2820 occurrente

415 2905 419 2916 ·
455 2872 581 2936 meliore.
603 2871 719 2933 Veteres
739 2871 834 2948 scripti
848 2891 899 2950 pro
918 2873 1060 2934 decimam
1080 2869 1311 2934 habentdecane
1329 2871 1376 2936 vel
1391 2874 1447 2935 ale-f

457 3007 576 3073 ganoe,·
597 2985 679 3061 editi,
702 2989 834 3048 decima.
859 2985 1006 3047 Salmafius
1033 2985 1184 3064 emendlt3
1212 2991 1312 3070 Quam
1330 3010 1449 3070 partem

462 3103 569 3186 Graia
586 3103 726 3164 dixerunt
740 3103 872 3164 dacarron
890 3125 1007 3189 gentes·
1035 3101 1075 3162 At
1094 3121 1151 3161 non
1168 3097 1290 3164 besalis
1309 3096 1451 3179 feliciterg

426 3248 432 3260 =
461 3223 488 3278 δι
507 3234 634 3294 preterea
651 3239 707 3297 qua
725 3202 902 3280 austoritater
918 3217 992 3281 Vide
1010 3217 1052 3281 Η.
1069 3217 1102 3280 Β.
1131 3219 1322 3300 Quapropter
1342 3219 1449 3278 Graia
1525 3236 1527 3239 ’

454 3336 561 3405 ,dixere
590 3337 717 3403 decania
739 3357 854 3420 gentes.
887 3333 943 3394 Sed
974 3332 1015 3396 1⁰.
1043 3332 1103 3393 haec
1134 3331 1150 3391 ri
1178 3333 1316 3396 ueteribus
1336 3328 1448 3412 longius

463 3451 600 3512 aberrant.
623 3454 666 3512 2⁰.
688 3453 908 3514 Vox‘decania
935 3467 992 3508 non
1017 3444 1058 3507 cllv
1080 3445 1188 3506 Graeca.
1211 3442 1256 3519 3⁰.
1288 3441 1319 3500 Si
1345 3442 1447 3503 Graeca

462 3563 548 3638 effet,
565 3562 713 3627 secundam
732 3567 868 3647 syllabam
882 3565 1040 3642 corriperet.
1060 3561 1131 3620 Non
1151 3555 1266 3636 poffum
1289 3577 1372 3636 opem
1393 3542 1452 3637 affl

455 3678 560 3770 fitia,
578 3679 666 3758 inquit
682 3678 809 3762 Scaliger
835 3679 864 3738 in
886 3679 963 3739 hunc
985 3672 1074 3750 ipsum
1100 3671 1219 3746 locunt,
1241 3691 1326 3751 quem
1349 3671 1448 3750 depra-

462 3808 559 3856 vatum
573 3794 749 3874 pronuntiat:
769 3795 847 3864 idem
859 3793 949 3857 multb
965 3785 1067 3874 potiori
1081 3785 1142 3870 jure
1160 3785 1284 3861 dicimus.
