3325 5084
515 679 582 762 338
693 653 813 738 sion
837 689 876 736 ιιι
897 669 1068 736 haaron
1094 669 1326 742 Crerronrs.

496 805 536 882 ἰ
551 808 795 906 splendidiores,
815 817 849 880 8(
868 812 909 879 ad
926 813 1068 904 trianguli
1083 814 1182 882 liellas
1199 817 1434 905 propemodum
1450 836 1497 886 ac·
1542 891 1543 906 p

508 959 534 992 υ
546 928 682 1004 cedunt,
702 945 737 992 ut
752 923 869 992 abillis
889 945 954 989 non
968 919 1095 990 mulnim
1107 923 1292 1011 superentur.
1307 932 1401 994 Bene
1414 929 1499 996 etiarn

467 1111 471 1118 ‚
505 1035 715 1124 »conspicua
730 1035 774 1104 est
791 1033 893 1110 llella,
903 1057 982 1126 que
997 1035 1031 1098 in
1049 1035 1246 1100 anterioribus
1262 1035 1305 1101 est
1328 1040 1436 1104 arietis
1450 1059 1501 1124 pe·

506 1175 533 1208 ω
547 1147 686 1214 dibus».
711 1147 763 1211 Sic
781 1144 999 1232 Hipparchus,
1018 1140 1133 1210 summi
1156 1143 1216 1209 fide
1236 1143 1331 1210 latine
1355 1146 1501 1212 redditus.

507 1254 635 1348 insuper
654 1257 798 1346 Hyginus
818 1251 940 1318 Astron.
960 1253 1048 1320 Po'e'e
1071 1253 1091 1320 l.
1115 1255 1161 1330 ll,
1187 1251 1289 1320 scribit
1314 1257 1502 1324 Mercurium

508 1365 599 1455 supra
615 1385 710 1454 caput
720 1362 826 1430 arietis
839 1362 982 1429 deltoton
997 1359 1148 1440 statuisse,
1168 1381 1203 1428 ut
1216 1361 1384 1430 obscuritas
1401 1366 1505 1430 arietis

505 1475 655 1565 trianguli
671 1473 833 1563 splendore
848 1493 912 1564 quo
931 1470 1008 1536 loco
1023 1469 1098 1538 effer
1115 1470 1348 1561 significaretur.
1365 1471 1505 1559 Optimus

504 1583 709 1652 'Astrooomus
723 1603 790 1649 erat
802 1580 1020 1670 Hipparchus:
1035 1604 1137 1671 neque
1148 1601 1256 1647 tamen
1271 1603 1348 1647 cum
1360 1579 1503 1646 hodierno

507 1689 594 1760 toelo
613 1691 816 1760 consentiunt
835 1713 902 1785 que
920 1691 961 1760 de
980 1691 1028 1758 his
1050 1691 1144 1758 llellis
1157 1689 1334 1759 disseruere
1360 1712 1427 1757 turn
1447 1686 1503 1776 ipse

503 1795 729 1887 Hipparchus,
750 1819 818 1866 rum
841 1805 936 1872 etiam
964 1800 1118 1891 Hyginus.
1144 1800 1359 1868 Andromede
1385 1795 1503 1892 cingulo

506 1935 574 1980 non
595 1907 735 2000 indigere
752 1908 856 1975 stellas
875 1916 1002 1990 arietis,
1024 1932 1057 1980 ur
1078 1912 1161 1984 bene
1187 1911 1439 2003 distinguantur,
1457 1911 1504 1974 in-

507 2021 639 2090 dubium
661 2017 726 2087 eliz
750 2015 825 2095 sed,
852 2017 895 2082 1⁰.
913 2019 956 2084 est
979 2023 1014 2088 in
1037 2019 1242 2102 Andromeda
1267 2019 1404 2111 cingulo
1427 2014 1504 2086 llella

508 2129 603 2197 stellis
622 2128 725 2194 arietis
743 2125 886 2194 omnibus
905 2122 1049 2192 lucidior.
1074 2126 1121 2196 2⁰.
1141 2130 1253 2196 Arietis
1275 2151 1401 2196 cornua
1420 2128 1504 2193 triun-

507 2235 574 2327 gnli
589 2235 690 2301 llellas
705 2257 815 2304 omnes
829 2229 991 2322 splendore
1011 2231 1166 2318 superant.
1190 2237 1234 2319 3⁰.
1250 2241 1286 2304 ln
1303 2233 1505 2306 anterioribus

505 2341 611 2407 arietis
634 2340 765 2424 pedibus
781 2339 868 2405 nulla
888 2360 972 2405 nunc
993 2338 1118 2406 videtur
1144 2342 1253 2429 stella,
1275 2345 1333 2409 nili
1361 2344 1447 2413 forte
1464 2341 1505 2408 di·

507 2469 594 2516 catur
608 2444 782 2534 Hipparchi
803 2463 945 2530 tempore
968 2447 1009 2508 ad
1029 2445 1126 2528 ipsum
1150 2452 1212 2511 ceti
1232 2469 1330 2533 caput
1348 2451 1427 2518 illos
1443 2473 1508 2540 per·

507 2555 631 2649 tigilse,
655 2551 740 2645 quod
763 2572 829 2618 non
853 2547 948 2616 facile
974 2547 1165 2616 crediderim.
1189 2547 1409 2630 Dicemufne,
1439 2577 1509 2620 ver·

508 2667 648 2739 tentibus
663 2663 754 2730 annis
766 2708 778 2739 ,
790 2659 892 2726 stellas
907 2658 976 2725 illas
990 2657 1083 2724 alicui
1098 2655 1447 2748 fulgorisincremento
1462 2660 1506 2730 vtl

509 2775 714 2842 decremento
743 2765 947 2856 subjacuiffe?
978 2767 1052 2832 Alia
1081 2763 1223 2832 similium
1259 2766 1505 2836 immutationem

509 2881 662 2970 exempla
681 2899 853 2969 congerere
876 2899 941 2942 non
963 2872 1041 2942 effer
1058 2872 1231 2960 operosum.

498 3143 502 3149 ι
560 3099 602 3162 V.
627 3120 687 3178 311
710 3101 743 3162 δι
762 3094 824 3184 seq.
847 3092 935 3158 Dicit
955 3073 1095 3160 Aratus?
1116 3114 1140 3148 c
1152 3093 1196 3156 At
1214 3091 1293 3158 veri>
1312 3086 1420 3162 mense
1439 3109 1504 3184 pre·

483 3232 486 3238 ·
516 3207 706 3282 occiente,
722 3203 799 3270 mari
816 3201 915 3268 multa
931 3200 1047 3289 pallus,
1066 3199 1194 3289 quando
1210 3185 1254 3268 sol
1270 3221 1379 3272 arcum
1398 3211 1430 3272 dr
1446 3226 1504 3271 ree=

494 3335 542 3392 „a
554 3339 654 3386 rorem
675 3309 762 3380 arcis
780 3312 943 3388 incendit,
961 3309 1016 3376 sub
1035 3315 1197 3397 vesperam
1217 3328 1334 3380 navem
1348 3316 1505 3388 reducito,

474 3430 476 3435 '
518 3457 543 3491 n
556 3449 621 3493 non
635 3420 767 3509 amplitis
785 3422 884 3488 sidens
899 3421 985 3487 nosii
997 3443 1040 3492 πε
1054 3441 1156 3510 neque
1170 3422 1340 3512 quidquam
1355 3425 1399 3491 est
1411 3420 1503 3498 alind,

434 3532 436 3547 '
519 3534 608 3628 quod
618 3529 740 3622 versum
763 3553 800 3612 ³¹
807 3553 828 3617 5
847 3531 938 3596 nobis
951 3528 1163 3616 representare
1178 3531 1275 3617 poffir.
1296 3533 1381 3599 Hinc
1394 3531 1502 3600 verfinn

495 3656 500 3666 ·
521 3641 610 3714 illurn
628 3643 708 3710 varii
728 3640 816 3708 varie
838 3640 955 3730 legunt.
971 3639 1124 3706 Veteres:
1143 3639 1226 3708 Nan
1238 3641 1311 3725 jam
1331 3633 1502 3706 cum'minus

460 3802 463 3809 =
494 3760 497 3766 ’
523 3759 659 3842 exiguo,
684 3759 755 3834 dic,
778 3775 910 3842 eumque
926 3775 980 3838 per
996 3739 1165 3838 simplicem
1186 3749 1334 3816 claudunt
1353 3747 1502 3843 virgulam.

523 3862 611 3930 Aliir
632 3866 715 3927 Nam
730 3867 802 3948 jam
825 3885 889 3927 rum
907 3865 1007 3926 mincis
1022 3908 1032 3938 ,
1050 3864 1113 3926 &o
1131 3859 1247 3954 punslo
1268 3863 1299 3926 in
1324 3863 1387 3930 fine
1406 3852 1500 3928 versis

520 3969 667 4053 flppofiro
677 3997 689 4049 i
709 3975 743 4037 dc
755 3971 796 4038 fic
814 3973 961 4044 Patricius
979 3975 1011 4036 δι
1026 3967 1161 4038 Grotius.
1181 3969 1247 4038 Alii
1258 3973 1391 4064 denique
1404 3989 1416 4040 t
1427 3970 1500 4035 Nam
