3325 5084
254 561 259 569 ι
401 485 447 560 46
567 467 1180 551 LnsAsruorto'nrQunr

338 589 346 620 l
1207 607 1214 623 x

401 645 528 722 Rursus
553 649 588 718 ἃ
610 647 645 718 in
670 641 792 744 magne
810 643 936 742 mergis
957 639 1104 743 caligine
1125 665 1299 734 mentem,

302 773 305 780 .
404 797 556 868 Cernere
577 796 656 868 clun
679 790 769 864 facili
791 789 909 862 lucem
931 793 1065 865 ratione
1085 795 1234 868 viderer.

402 945 510 1038 Quod
526 943 673 1039 quaeris,
698 940 784 1012 deus
807 939 880 1010 est:
901 944 1034 1014 conaris
1061 942 1224 1017 scandere
1245 909 1394 1032 coelum,

328 1110 331 1118 ’
391 1094 544 1188 Fataque
564 1088 656 1162 fatali
683 1090 819 1189 genitus
843 1088 1058 1186 cognoscere
1077 1089 1176 1192 lege,

303 1250 377 1325 390
401 1243 446 1314 Et
467 1240 602 1314 transire
620 1255 718 1311 tuum
742 1239 877 1335 pertus,
899 1241 1106 1338 mundoque
1128 1237 1257 1336 potiri?

386 1393 473 1476 JPro
492 1391 603 1486 pretio
625 1351 725 1458 labor
749 1385 815 1470 est,
841 1410 907 1458 nec
930 1385 1005 1460 sunt
1024 1389 1196 1493 'immunia
1218 1407 1333 1476 tanta,

403 1535 484 1604 Nec
508 1505 632 1600 titirere
655 1531 722 1602 vioe
743 1532 872 1615 flexus,
893 1558 1078 1630 rerumque
1094 1531 1248 1607 catenas.

402 1677 552 1776 Admitti
576 1673 721 1769 potuisse
745 1674 793 1743 sat
814 1674 860 1744 est
872 1703 884 1763 3
907 1675 969 1747 s1nt
988 1703 1104 1751 cetera
1126 1687 1252 1758 nostra.

404 1826 457 1900 At
477 1823 534 1896 nis1
553 1797 708 1922 perfossis
729 1819 839 1919 fugiet
858 1841 893 1892 te
910 1824 1087 1893 montibus
1110 1850 1256 1909 aurum.

262 2044 269 2059 ,
310 1977 382 2060 395
405 1959 633 2072 Obllabitque
658 1969 722 2042 suis
749 1969 874 2066 opibus
895 1957 1114 2064 superaddita
1128 1968 1242 2042 tellus.

411 2127 459 2199 Ut
483 2126 618 2230 venianp
636 2147 797 2218 gemmet,
821 2143 911 2190 totus
933 2116 1129 2214 tranfibirur'
1145 2119 1244 2192 orbis.

311 2232 328 2279 i
354 2241 363 2342 ι.
404 2274 485 2346 Nec
505 2270 658 2368 lapidum
681 2253 793 2364 pretio
816 2265 958 2366 pelagus
979 2263 1106 2362 cepisse
1129 2266 1273 2368 pigebit.

294 2381 305 2407 Ι
328 2429 334 2444 “
387 2421 533 2494 'Annua
554 2416 688 2491 solliciti
710 2415 949 2489 consummant
974 2436 1058 2486 vota
1078 2413 1221 2492 coloni:

406 2571 452 2642 Et
475 2590 615 2664 quantae
634 2567 803 2639 mercedis
827 2587 926 2638 erunt
947 2562 1079 2636 fallacia
1102 2562 1210 2673 rura(²
1263 2586 1265 2593 ·

309 2705 619 2808 100¹,Quteremusv
634 2709 769 2784 lucrum
789 2713 889 2798 navi,
911 2710 1129 2806 Martemque
1146 2711 1327 2806 sequemur

407 2860 450 2932 ln
470 2860 632 2956 praedas?
653 2859 781 2954 pudeat
804 2878 899 2929 tanto
919 2857 1015 2929 bona
1035 2853 1126 2931 velle
1150 2859 1298 2932 caduca.-

403 3010 569 3081 Luxuriae
589 3032 732 3104 quoque
754 3004 872 3078 militia
894 3007 964 3092 est,
990 3004 1175 3105 vigilatque
1193 3011 1297 3095 ruinis

410 3159 569 3243 Venter,
589 3157 623 3228 ἃ
646 3176 684 3227 ut
706 3175 872 3252 pereant,
896 3152 1058 3250 suspirant
1078 3154 1170 3252 saepe
1192 3179 1396 3294 nepotes.

402 3302 791 3409 Quidcoelodabimus?
804 3325 968 3400 quantum
983 3305 1029 3377 est
1034 3331 1133 3402 quo
1140 3329 1265 3379 veneat
1276 3242 1400 3381 onine?

207 3517 210 3524 .
317 3477 388 3554 φῖ
413 3453 672 3552 Impendendus
695 3454 807 3525 homo
828 3454 895 3540 est,
899 3455 995 3526 deus
1010 3453 1086 3528 esse
1093 3477 1132 3526 ut
1147 3455 1270 3551 possit
1260 3479 1295 3525 tn
1313 3456 1399 3552 ipso

453 3693 494 3754 V.
520 3705 587 3775 396.
609 3683 696 3755 Hunc
712 3699 862 3754 barbarum
881 3695 994 3777 versuto
1008 3694 1153 3774 proscribit
1173 3695 1208 3762 B.

453 3805 495 3869 V.
514 3829 583 3878 402.
602 3807 633 3870 B.
653 3811 764 3872 culinis
785 3783 836 3890 pro
857 3812 967 3872 ruinis.
1144 3819 1147 3824 '
