3325 5084
547 630 740 690 uun
786 627 880 688 111.
1137 601 1209 714 m

215 764 370 835 ‘Manilius
389 764 496 853 Nilum
517 765 628 834 inritati
648 764 744 832 fidera
761 764 867 829 mundi
886 761 1084 850 simpliciter,
1105 767 1157 836 sed
1176 769 1210 861 in

146 857 149 861 ⁵
221 895 264 939 eo
282 877 392 941 imitari
414 876 498 967 quiid
519 899 575 962 per
598 875 714 960 septem
731 872 837 938 fauces
856 895 1003 958 erumpat.
1199 879 1203 884 '

238 1089 246 1102 ,
265 1033 306 1098 V.
330 1055 403 1116 343.
422 1039 511 1098 Totis
523 1033 821 1126 condenturfingula
836 1035 987 1094 membris.
1006 1034 1046 1100 lis
1065 1059 1130 1123 quae
1148 1061 1206 1122 pro

216 1135 305 1222 hujus
325 1141 429 1208 versris
449 1141 641 1206 correctione
652 1187 663 1217 ‚
682 1144 715 1206 dc
740 1139 881 1206 versuum
907 1160 987 1222 345,
1014 1149 1077 1219 346
1088 1143 1112 1216 ‚'
1125 1163 1209 1225 347,

218 1245 513 1336 proscriptionefuse*
521 1247 653 1334 disputat
662 1251 696 1312 B.
706 1233 854 1314 accedere
868 1249 1073 1337 nequivimus.
1084 1253 1211 1331 Vixque

219 1361 298 1419 ortis
318 1361 446 1440 occasus
466 1361 542 1437 erit,
562 1359 606 1421 ait
624 1355 769 1420 Manilius
791 1380 823 1422 v.
849 1377 923 1435 342.
948 1338 1020 1420 Hac
1044 1356 1084 1420 ad
1106 1357 1212 1421 circuli

217 1466 333 1548 polaris
344 1468 493 1532 viciniam
508 1469 650 1532 attinent.
665 1469 742 1545 Quae
754 1464 919 1554 sequuntur
936 1465 976 1529 ad
992 1464 1083 1555 usque
1095 1490 1127 1531 v.
1144 1487 1157 1544 3
1164 1485 1205 1550 51
1246 1466 1250 1475 “

88 1576 92 1589 ’
172 1613 176 1617 -
218 1590 284 1633 non
304 1573 344 1635 ad
369 1574 521 1658 primum,
541 1593 576 1643 ut
600 1576 709 1650 aiunt,
728 1572 876 1638 mentium
905 1571 999 1637 clima
1021 1571 1210 1651 limitanda,

219 1677 271 1742 sed
284 1678 323 1742 ad
338 1699 438 1745 totum
455 1681 652 1750 intervalium
670 1681 819 1747 circulum
838 1680 977 1766 polarem
995 1682 1075 1744 inter
1096 1685 1127 1743 δι
1148 1704 1207 1766 po-

218 1784 282 1850 lum
300 1789 608 1856 extendenda-nobis
626 1790 780 1856 videntur.
800 1788 968 1858 Censeatur
979 1787 1074 1876 quisi
1092 1790 1208 1856 circulo

219 1892 317 1978 polari
337 1897 500 1984 adpolum
519 1898 712 1986 procedere3
736 1897 843 1962 omnia
864 1896 1000 1960 membra
1021 1895 1208 1985 singulorum

217 2000 370 2092 fignorum
399 2004 760 2071 australium-succeffiv&
792 2002 989 2080 condentur,
1017 2004 1085 2088 ipfis
1117 2005 1209 2092 signis

217 2111 330 2194 peribit
347 2112 436 2178 statio
459 2113 545 2200 supra
565 2114 772 2188 horizontem,
790 2110 909 2200 fingula
930 2111 1052 2175 trahent
1076 2113 1208 2176 tricenas

218 2222 326 2312 nostes
340 2225 501 2288 continuas
516 2249 525 2288 ε
540 2223 579 2287 fic
598 2222 746 2311 paulatim
769 2221 850 2286 hora
862 2268 873 2298 ,
886 2240 956 2284 tum
972 2220 1053 2296 dies,
1074 2219 1208 2308 denique

217 2329 336 2394 menses
358 2329 598 2405 consumentur,
618 2329 780 2393 &camec
803 2329 940 2410 invicem
964 2351 1006 2392 ex
1028 2325 1087 2392 sese
1109 2322 1149 2391 sic
1168 2327 1208 2390 li-

218 2433 290 2502 bere
310 2437 408 2503 fluunt
418 2486 429 2516 ,
449 2459 482 2503 ut
501 2438 573 2504 satis
591 2439 692 2503 mirari
713 2459 778 2502 non
800 2417 943 2524 possim'us
963 2459 1001 2502 ea
1026 2433 1133 2500 summi
1157 2438 1208 2500 in-

215 2547 300 2632 genii
323 2549 390 2612 viro
413 2542 605 2631 displicuiss‘e.

257 2685 298 2744 V.
320 2706 398 2764 473.
419 2684 660 2768 Proecipuosque
684 2703 796 2768 gerunt
821 2685 978 2745 variando
1004 2688 1048 2746 ad
1074 2707 1211 2770 tempora

217 2809 329 2866 motus.
349 2789 434 2866 Quid
453 2792 485 2852 in
505 2813 545 2854 eo
563 2793 652 2854 versu
675 2789 820 2855 Bentleio
843 2787 942 2852 mimis
964 2791 1118 2867 arrideat,
1142 2816 1206 2857 non

217 2891 311 2980 plane*
323 2894 470 2981 percipio.
483 2895 590 2960 Media
603 2897 702 2973 astra,
716 2896 756 2961 de
773 2896 883 2986 quibus
898 2894 986 2961 versu
1004 2897 1208 2980 precedenti,

218 3002 270 3067 hic
291 3002 440 3078 cuculus,
470 3003 592 3091 inquit,
615 3029 671 3090 pro
691 3005 866 3070 cardinibus
886 3005 1032 3090 accepit,
1054 3005 1148 3068 ariete
1171 3009 1205 3068 δι
1235 2985 1238 2998 ¹

219 3109 307 3174 libra.
327 3111 476 3182 Minime:
494 3113 596 3177 media
616 3113 670 3177 iila
688 3112 763 3178 astra
782 3113 850 3178 sunt
867 3113 962 3198 pisces
984 3117 1015 3176 &
1036 3113 1134 3188 aries,
1150 3109 1205 3176 sub

220 3219 352 3309 quibus,
369 3239 403 3284 ut
420 3217 502 3287 reste*
523 3225 686 3288 annotavit
708 3224 750 3285 H.
775 3219 925 3308 praecipue*
949 3221 1106 3286 variantur
1125 3237 1212 3304 rem-¹

220 3350 318 3414 pora,
334 3329 366 3393 id
383 3329 449 3407 est,
467 3329 521 3394 sub
541 3331 650 3420 quibus
668 3330 803 3396 maxime
826 3327 964 3394 crescunt
986 3329 1074 3402 dies,
1099 3327 1207 3392 nodies

220 3435 409 3515 decrescunt.
430 3436 540 3515 Qualis
560 3437 638 3502 veri)
665 3437 784 3502 locutio
806 3437 869 3512 est,
886 3459 997 3523 gerunt
1020 3447 1141 3497 morus?
1159 3436 1207 3498 in-

222 3564 357 3633 terrogat
376 3549 412 3609 B.
430 3548 477 3609 Ea
493 3544 657 3631 displicet?
671 3547 879 3622 Emendetur,
894 3543 1132 3638 Praeeipuosque
1150 3543 1208 3601 do-

219 3656 311 3726 bunt,
333 3651 384 3717 vel
410 3655 501 3714 edunt
514 3699 526 3729 ,
540 3673 594 3717 aut
616 3655 734 3729 etiam,
756 3659 787 3718 δε
807 3653 940 3730 melius,
963 3637 1206 3734 Pracipuasque
1266 3645 1272 3669 '

217 3782 327 3851 gerunt
348 3764 503 3825 variando
525 3764 569 3824 ad
589 3784 725 3846 temporo
750 3766 843 3826 vires.

259 3919 302 4016 Y.
322 3937 398 4005 510.
418 3919 540 3986 Annua
552 3923 634 4008 qudd
645 3925 778 4006 lustrans
792 3921 943 4004 consumit
960 3938 1095 4003 tempora
1112 3942 1203 3983 mun-
