3325 5084
416 717 464 784 '44
607 695 699 768 Lus
736 699 1212 802 Asrnouonrqurs

210 879 213 884 '
317 866 389 961 365
412 865 653 960 Disfimulant,
675 897 748 946 non
769 873 804 947 se
825 871 993 949 ostentant
1015 878 1217 954 mortalibus
1236 879 1332 953 astra.

413 1015 529 1090 Altius
545 1019 592 1092 ess
612 1021 700 1094 acies
717 1022 821 1094 animi
844 1000 1012 1099 mittenda
1030 1027 1156 1129 sagacis
1166 1059 1180 1120 3
1260 1096 1263 1106 .

332 1205 335 1213 ·
413 1162 526 1264 Inque
544 1165 613 1242 alio
625 1170 811 1267 quaerenda
829 1195 988 1263 manent,
1002 1177 1189 1275 junsiisque
1203 1177 1403 1276 sequentum

412 1312 571 1428 Viribus:
596 1322 631 1393 &
652 1327 749 1422 cujus
770 1320 852 1436 signi
869 1325 945 1420 quis
967 1336 1065 1424 pane
1088 1350 1244 1418 creatur,
1325 1400 1328 1408 .

313 1461 316 1468 '
410 1462 494 1561 Ejus
513 1467 619 1538 habet
642 1442 783 1554 mores,
800 1494 905 1570 atque
922 1474 984 1549 islo
1009 1477 1155 1552 nascitur
1176 1467 1277 1552 astro.

308 1611 385 1692 370
408 1605 504 1680 Talis
527 1611 712 1706 perdenas
732 1612 841 1686 sortes
863 1638 980 1688 natura
999 1625 1139 1699 feretur.
1252 1659 1257 1666 ·

408 1758 518 1832 Testis
542 1757 606 1862 erit
626 1760 739 1834 varius
761 1752 824 1832 sub
846 1762 976 1832 eodem
997 1745 1107 1839 fidere
1125 1756 1251 1858 foetus,

406 1906 584 2006 Quodque
609 1908 644 1980 in
664 1929 734 1980 tam
751 1905 867 1981 inultis
887 1908 1098 1980 animantum
1116 1895 1287 1997 millibus,
1302 1936 1380 1986 uno

406 2029 498 2149 Quae
511 2057 652 2150 veniunt
668 2053 762 2154 signo
773 2107 785 2143 ,
796 2075 850 2136 tot
862 2054 937 2127 sunt
951 2107 961 2141 ,
976 2075 1063 2151 quot
1079 2078 1229 2152 corpora
1235 2107 1247 2141 ‚
1261 2078 1378 2126 mores
1384 2084 1396 2140 ς

381 2245 392 2268 s
406 2204 452 2276 Et
465 2226 572 2302 genus
592 2223 770 2273 externum
786 2201 938 2275 referunt
957 2198 1067 2275 aliena
1088 2227 1152 2298 per
1168 2202 1272 2288 astra,
1379 2204 1386 2218 '

172 2442 177 2452 ¹
204 2353 210 2367 '
304 2343 381 2426 '375
406 2351 615 2449 Consnfique
636 2317 749 2424 fluunt'
769 2374 885 2450 partus
906 2353 1089 2426 hominum
1107 2372 1211 2447 atque
1234 2351 1397 2445 ferarum

316 2567 317 2570 ,
384 2463 541 2573 ¹Scilicet
560 2501 594 2572 in
615 2520 727 2596 partes
741 2505 928 2601 Junguntur
949 2499 1090 2572 condita
1110 2497 1249 2597 plures,
1353 2563 1357 2574 ,

278 2656 306 2720 N.
400 2645 629 2744 Diversasque
649 2648 764 2722 serunt
783 2650 927 2747 proprio
947 2645 1010 2720 sub
1031 2647 1173 2720 nomine
1193 2647 1302 2750 leges.

403 2795 485 2868 Nec
506 2798 637 2870 tantum
656 2793 748 2869 imas
767 2797 879 2882 aries,
901 2819 968 2868 nec
989 2816 1103 2866 taurus
1121 2815 1248 2883 aratra,

404 2943 484 3016 Nec
502 2945 636 3044 gemini
657 2942 790 3030 musas,
812 2969 879 3016 nec
903 2966 1037 3015 merces
1059 2967 1184 3015 cancer
1204 2945 1366 3038 amabit3
1432 2946 1434 2953 “

232 3089 378 3184 380
402 3091 482 3164 Nec
499 3089 557 3164 leo
583 3113 728 3195 venator
748 3093 888 3181 veniet,
909 3117 976 3165 nec
995 3092 1094 3190 virgo
1114 3092 1293 3225 magistra,

286 3257 319 3308 A
401 3237 593 3313 Mensuris
592 3261 649 3312 aut
665 3238 764 3313 libra
769 3263 919 3338 potens,
942 3263 1000 3312 aut
1018 3239 1174 3339 scorpios
1193 3240 1319 3327 armis,
1422 3303 1426 3314 .

307 3411 311 3438 ‘x
401 3386 660 3484 Centaurusque
680 3387 809 3474 seris,’
800 3390 871 3487 agni
891 3390 1132 3485 capricornus,
1157 3388 1194 3457 &
1218 3385 1319 3455 undis
1353 3472 1362 3492 ,

398 3531 478 3629 Ipse
501 3535 566 3607 suis
587 3527 741 3634 juvenis,
761 3536 958 3634 geminique
977 3558 1041 3632 pet
1062 3521 1203 3626 aequora
1225 3526 1361 3624 pisces:

398 3675 506 3751 Mixta
521 3677 582 3752 sed
599 3681 635 3752 in
652 3681 767 3779 plures
790 3681 961 3754 sociantur
983 3680 1090 3750 sidera
1112 3675 1213 3747 vires.

303 3825 351 3928 38
353 3847 379 3932 Σ
453 3822 625 3918 Multum,
650 3825 781 3921 inquis,
802 3847 1013 3922 tenuemque
1029 3821 1130 3923 jubes
1146 3845 1204 3897 me
1229 3818 1318 3892 serre
1339 3819 1395 3891 la«
1444 3815 1449 3824 ’

631 4055 633 4060 s
694 3969 848 4063 borem3
