3325 5084
377 557 497 624 Noun
521 580 560 621 in
585 560 756 621 Anum
779 539 1003 622 creatoris.
1119 565 1185 648 332

329 697 417 748 Altera
432 694 522 746 dicitur
537 693 586 746 elle
602 695 708 751 Helice,
724 710 774 759 qua
790 691 903 755 monstror
918 694 1038 758 Achiuis,

328 779 421 846 Lucida
432 795 478 842 pcr
492 790 557 827 cocae
567 779 666 844 sepem
677 777 755 842 fidere
770 777 864 834 nodeo,

327 861 360 911 In
370 861 457 926 pelago
470 860 539 909 navio
556 861 600 926 qud
608 862 642 924 fir
656 863 870 921 uertendumque
885 874 956 908 axem

327 943 436 994 Parvula
452 961 499 992 non
509 943 609 1008 fulgore
620 941 678 1004 pari
692 939 810 1003 Cynofitra
825 943 934 989 corondt.

329 1025 382 1074 Hac
399 1023 478 1074 fidunt
496 1022 558 1072 dirce
571 1020 688 1071 nouutnl
704 1020 831 1070 Phoenices
849 1022 876 1070 in
890 1021 959 1078 alto,
977 1024 1023 1070 dcc.

244 1125 304 1192 Sed
323 1110 485 1213 Cynosura
506 1144 569 1184 non
594 1144 649 1207 pat
670 1121 712 1187 est
732 1141 825 1210 atque
852 1121 970 1186 Helicis
992 1118 1115 1209 fulgore
1136 1119 1186 1185 di·

97 1213 108 1232 ⁸
196 1235 331 1300 cendum
349 1230 450 1297 fuillet
470 1226 591 1316 potiris,

774 1316 823 1370 Sed
839 1331 925 1378 axem,

327 1401 387 1453 Non
395 1397 495 1467 fitlgorc
504 1397 562 1463 puri
570 1434 580 1457 ,
593 1398 696 1462 propior
712 1397 832 1465 Cynosura
850 1411 957 1450 coronae.

244 1520 285 1582 V.
307 1537 375 1602 59,
399 1536 462 1600 51,
480 1536 541 1601 52,
560 1535 616 1602 53.
643 1521 757 1581 Verum
775 1521 839 1579 lraec
857 1537 1014 1594 extrcmoe,
1033 1522 1094 1583 dcc.
1110 1513 1186 1581 Fal-

96 1609 99 1705 :
199 1624 264 1689 sum
287 1625 351 1701 cst,
373 1648 473 1714 neque
496 1627 575 1690 dixit
596 1631 708 1690 Aratus
725 1621 823 1690 caudd
843 1625 984 1689 draconis
1006 1625 1187 1690 circumdari

200 1734 349 1814 majorem
371 1734 489 1802 ursam:
514 1734 578 1798 imh
598 1731 667 1798 ursa
692 1732 840 1819 parallelo
858 1731 959 1818 potitis
984 1733 1024 1798 cst
1043 1717 1186 1797 draconis

199 1844 311 1908 cauda.
330 1847 475 1910 Ptatetea
497 1845 604 1905 caudae
626 1847 658 1907 δι
675 1841 973 1926 permeantium,
998 1861 1062 1905 non
1082 1859 1186 1905 autem

201 1953 354 2040 integrum
379 1949 443 2016 ferd
466 1944 681 2039 sesquivetsum
707 1951 798 2014 iterat
819 1935 955 2026 Aratus,
978 1949 1061 2034 cujus
1085 1947 1187 2014 versus

199 2057 324 2125 ficfere
345 2059 535 2126 adverbum
559 2059 645 2124 reddi
667 2055 795 2144 pollent.
1089 2063 1093 2070 '
1160 2063 1165 2072 '

329 2195 421 2247 Venim
435 2196 496 2248 hanc
509 2212 621 2248 extrema
639 2193 754 2259 emetitur
768 2192 848 2243 cauda
860 2192 993 2255 draconiss

328 2277 402 2330 Illam
419 2279 554 2331 circumdat
566 2279 634 2329 vasto
649 2276 830 2343 glomeraminc
846 2275 925 2342 spira:

331 2360 409 2410 Juxta
426 2361 524 2411 Helices
540 2362 600 2410 urst
617 2358 737 2408 cervicem
754 2355 831 2407 cauda
849 2356 969 2424 quiescit3

328 2439 359 2492 ln
372 2441 455 2494 media
466 2443 527 2509 spira
543 2457 616 2507 caput
629 2440 664 2492 est
678 2437 849 2507 Cynosuridos
866 2441 934 2492 ursa.

244 2559 282 2624 V.
302 2566 355 2639 63.
373 2565 445 2624 Hoc
463 2581 559 2641 caput
574 2562 622 2620 ln'c
634 2561 767 2640 paulum
780 2559 849 2636 sese
859 2559 1023 2644 subirdque
1043 2565 1190 2627 recondit.

97 2689 105 2703 ·
200 2665 293 2727 Hunc
312 2665 431 2728 versum
456 2664 563 2726 iisde'm
586 2662 689 2723 verbis
713 2659 829 2746 allegat
848 2661 992 2748 Hyginus
1015 2668 1190 2736 Astronom.

200 2769 287 2832 Poet.
307 2766 329 2828 l.
347 2768 390 2826 Ν
404 2790 416 2838 3
432 2766 513 2828 unde
531 2764 648 2828 nullum
671 2765 798 2828 dubium
820 2765 894 2854 quin
912 2765 951 2829 lic
970 2769 1116 2854 scripserit
1132 2775 1188 2838 (51-

99 2879 103 2889 '
204 2895 289 2940 cero.
309 2870 417 2937 Sensus
442 2869 521 2936 forti
544 2869 586 2936 est
604 2882 701 2957 'caput
722 2870 866 2939 draconis
890 2872 944 2942 sub
971 2869 1190 2955 horizontem,

204 2983 321 3071 exiguo
346 2999 450 3046 tamen
470 2999 630 3065 tempore,
647 2979 833 3050 descendere
845 2974 978 3074 {licque
997 2990 1125 3050 Aratum
1140 2989 1192 3052 in-

99 3147 102 3159 .
168 3154 174 3164 ,
204 3091 368 3167 tellexctat
386 3087 532 3166 Attalus,
555 3109 644 3156 vetus
662 3092 725 3172 ejus
743 3092 901 3181 interpres.
920 3095 1060 3162 Attalum
1080 3094 1192 3182 culpa-

100 3282 103 3293 ,
204 3202 252 3268 vit
271 3199 489 3286 Hipparchus,
518 3199 720 3285 &probavit
745 3203 844 3286 primo
867 3225 961 3290 caput
988 3205 1131 3270 draconis
1156 3207 1190 3282 in

100 3303 109 3407 ζ’
205 3309 324 3374 Gracia
342 3329 509 3396 numquam
523 3309 675 3376 occidere.
698 3310 744 3374 2⁰.
764 3312 805 3376 ab
826 3302 1030 3378 Attalo'mald
1047 3312 1189 3378 intellec-

101 3403 109 3489 ,⁰
204 3435 269 3481 tum
294 3414 355 3481 effe
376 3421 530 3491 Aratum,
554 3417 607 3505 qui
634 3417 710 3482 nihil
735 3417 820 3483 aliud
847 3419 988 3497 dixerit,
1019 3419 1072 3484 nili
1096 3439 1190 3508 caput

206 3525 348 3590 draconis
371 3528 414 3586 ibi
434 3545 565 3600 nutare,
592 3527 643 3586 ubi
660 3527 794 3606 fiderunt
819 3549 907 3604 ortus
935 3530 962 3588 ἃ
986 3529 1113 3612 occasus
1129 3529 1191 3610 fibi

103 3630 107 3646 '
205 3635 336 3694 invitem
354 3634 522 3714 miscentur.
547 3633 640 3717 Apud
661 3653 782 3700 veteres
806 3636 918 3724 aquis,
940 3639 1040 3722 mati,
1067 3635 1190 3702 ocea'tlo

102 3718 106 3835 f
187 3748 189 3751 '
209 3742 304 3828 mergi
320 3741 501 3806 dicebantur
519 3740 614 3807 fidera
624 3741 815 3808 horizontem
828 3743 999 3847 slubeuntia.
1019 3747 1065 3810 Ea
1078 3743 1189 3835 igitul,

103 3847 105 3863 ¹
208 3871 271 3936 qua
284 3850 445 3914 horizonta
457 3850 582 3938 quidem
597 3872 659 3916 non
671 3852 830 3929 subibant,
843 3850 893 3918 sed
906 3849 992 3918 illum
1007 3875 1061 3939 pet
1072 3856 1191 3946 aliquot
