3325 5084
414 659 477 720 262
547 650 552 664 '
636 645 731 716 Les
776 639 1157 720 sustentent

313 847 386 924 440
409 820 504 896 Tum
529 818 648 895 validis
669 817 778 916 fugito
803 789 961 888 devitans
978 817 1104 894 vitibus
1124 823 1305 898 aussrumr
1386 785 1402 904 ι,

407 973 526 1064 Quem
545 969 569 1041 fi
589 967 800 1066 prospiciens
819 968 1000 1060 vitaveris,
1022 973 1138 1043 outnia
1157 974 1281 1060 caute·
1389 1055 1392 1062 ,

406 1115 636 1192 Annamtuta
661 1113 798 1203 locans,
825 1113 903 1188 turb
926 1113 1043 1201 labere
1066 1141 1130 1214 per
1153 1121 1271 1193 undas.

408 1265 469 1340 sin
490 1267 601 1368 gravis
624 1263 780 1338 inciderit
799 1262 1000 1336 vehementi
1023 1264 1161 1338 flatnine
1179 1285 1321 1356 ventus,
1379 1303 1381 1307 ·

408 1414 597 1511 Pessringet
626 1411 737 1484 celsos
760 1408 880 1482 defixo
902 1411 1033 1486 robore
1058 1413 1190 1502 tnalos,
1237 1469 1241 1475 -

312 1580 385 1662 445
409 1559 533 1631 Utres
557 1557 650 1628 nulla
670 1559 757 1631 seras
783 1559 884 1654 poffit
911 1557 1064 1634 mulcere
1085 1559 1283 1658 procellas,

408 1706 577 1813 Nipatte
598 1727 641 1778 ex
659 1703 826 1798 aquilonis
854 1733 1006 1803 opacam
1030 1673 1162 1808 pellere¹
1185 1713 1352 1822 nubem·

313 1921 315 1928 s
409 1852 588 1952 Coeperit,
612 1849 779 1924 &subitis
799 1854 887 1926 auris
908 1819 1079 1930 diduxerit
1102 1879 1181 1968 ara·

456 2003 517 2076 Sin
537 2003 703 2074 humeros
720 1997 837 2070 medio
858 1999 894 2070 in
919 1999 1013 2074 coelo
1039 2025 1219 2080 centaurus
1236 2005 1400 2100 habebit,

409 2152 558 2250 Ipseque
579 2149 725 2228 cerulei
746 2149 921 2222 contentu
943 2151 1036 2222 nube
1057 2152 1209 2244 seretur,
1322 2183 1324 2188 ·
1394 2231 1398 2242 ,

122 2295 126 2304 ’
212 2377 221 2394 ,
313 2318 387 2398 450
411 2299 532 2394 Atque
554 2318 646 2368 aram
671 2296 766 2368 terrui
789 2293 902 2397 caligo
924 2294 1042 2368 vestiet
1065 2300 1212 2387 umbri,

408 2446 471 2522 Ad
494 2443 663 2544 fignorum
683 2443 818 2516 obitum
843 2443 894 2518 vis
920 2441 966 2515 est
991 2439 1175 2514 metuenda
1195 2444 1324 2546 favoni.

409 2566 474 2666 lile
495 2609 609 2664 sutem
633 2613 814 2666 centaurus
834 2594 870 2664 in
893 2588 959 2662 alta
980 2588 1062 2662 sede
1084 2585 1236 2680 locatus,
1297 2573 1300 2578 ⁵

412 2741 491 2836 Qui
512 2739 582 2814 sese
608 2735 739 2813 clarum
760 2737 937 2813 colluce'us
959 2737 1111 2834 scorpius
1136 2739 1261 2826 insert,

412 2889 492 2963 Hic
514 2887 629 2964 subter
651 2911 785 2988 partem
808 2909 1023 2994 praeportans
1046 2884 1120 2984 ipse
1142 2885 1274 2963 vitilem
1383 2922 1391 2928 ·
1453 2865 1456 2878 ⁸

316 3055 388 3136 455
415 3035 541 3123 Cedit,
561 3036 640 3132 equi
666 3019 777 3133 partes
802 3036 992 3134 properans
1018 3039 1230 3136 conjungere
1254 3038 1375 3115 chelis.

412 3175 484 3258 Hic
498 3185 651 3257 dextram
666 3202 833 3284 porgens,
850 3183 1045 3282 quadrupes
1061 3185 1127 3281 qui
1147 3185 1234 3259 vasta
1250 3209 1409 3283 tenetur,

415 3337 532 3427 Quam
551 3329 655 3404 nenio
678 3353 776 3404 certo
804 3332 948 3407 donauit
969 3333 1111 3405 nornine
1138 3333 1305 3423 Graitim,

416 3482 604 3560 Tendit&
626 3480 787 3556 illustrem
809 3453 1018 3556 truculentus
1035 3481 1135 3554 -cedit
1157 3481 1329 3560 adaram.

456 3724 498 3782 V.
515 3746 587 3797 450.
599 3723 728 3800 Omnes,
740 3728 883 3810 caligans
898 3725 1006 3814 vestite.
1020 3719 1154 3794 Grotius,
1172 3726 1274 3810 caligo
1286 3728 1403 3809 vestiae.

456 3831 498 3894 V.
516 3852 585 3906 454.
607 3838 648 3895 Ita
663 3837 813 3897 Patricius:
830 3835 935 3912 ceteri,
963 3833 1036 3897 Haec
1050 3836 1164 3916 subter.
1190 3903 1192 3907 .
1221 3911 1223 3924 Ι

457 3941 498 4010 V·
521 3951 598 4024 4ς8.4
610 3946 722 4042 thtes
740 3947 846 4009 habent
862 3949 958 4010 cedit:
978 3945 1111 4026 mallem,
1134 3944 1231 4013 credit.
1250 3947 1406 4015 Ceittanrus
