3325 5084
462 673 474 698 ,
593 609 859 678 linens.
941 643 946 667 τ
1028 619 1068 646 “’
1144 609 1247 694 ἷρρ,

228 748 349 820 deinde
374 769 538 843 generaret
562 753 718 819 animalia.
747 754 860 817 Mirum
883 749 964 815 hane
989 748 1007 818 d
1035 734 1126 820 tanto
1152 755 1236 840 viro,

159 878 161 882 ’
230 860 417 950 propostam
437 863 646 946 obieetionem
660 911 672 941 ,
686 861 770 952 quasi
786 857 922 927 vinculis
939 858 999 926 illis
1015 863 1224 950 grammaticis

164 984 169 996 ’
230 973 330 1036 teneri
352 970 383 1038 se
398 974 553 1039 Musarum
570 972 678 1060 lingua
692 966 853 1056 peteretur.
872 966 968 1033 instar
986 967 1222 1052 ,sexcentorum

229 1103 297 1170 que
314 1081 353 1145 ad
370 1102 496 1148 manum
509 1078 629 1156 essent,
646 1078 710 1144 esto
726 1075 798 1144 satis
809 1077 872 1142 hoc
888 1064 1067 1164 exemplum
1080 1077 1098 1143 ὲ
1111 1080 1225 1168 Virgii.

230 1192 301 1252 AEn.
324 1191 389 1269 Vl,
409 1197 486 1276 567.
509 1190 622 1277 Agitur
643 1187 683 1253 de
703 1168 971 1262 Rhadamantho,
997 1185 1081 1273 apud
1106 1183 1220 1254 inferos

229 1294 341 1381 judice.
720 1337 722 1341 ·
985 1323 987 1330 ·
1207 1322 1211 1330 ’

179 1468 184 1478 1
257 1435 260 1440 -
363 1399 516 1470 Castigatque
524 1436 534 1462 ,
549 1397 667 1468 auditque
682 1399 777 1461 dolos,
790 1397 928 1466 subigitque
943 1396 1025 1450 fateri.

274 1519 409 1607 Virgilio
431 1517 513 1585 forte
533 1519 636 1588 dicant
659 1517 808 1606 scripserit
825 1521 863 1584 B.
882 1515 970 1606 quod
990 1511 1220 1603 integerrimum
1298 1531 1303 1538 ’

230 1621 321 1688 nobis
336 1626 486 1696 exhibeat
496 1626 648 1714 judicem,
662 1627 772 1704 dolos,
788 1623 963 1716 priusquam
981 1621 1133 1700 audierit,
1151 1617 1221 1710 casn

229 1748 391 1821 rigantem.

272 1907 316 1972 V.
339 1914 391 1975 26.
417 1915 501 2000 Quis
523 1915 605 1994 enim,
620 1912 819 1976 cortdenribus
841 1909 918 1982 illis.
944 1907 1149 1968 Condentibus
1166 1925 1222 1972 ace
1328 1928 1331 1933 ·

229 2013 360 2099 cipimus
387 2042 444 2106 pro
472 2023 748 2104 abscondentibus,
776 2036 811 2082 ut
838 2013 912 2081 aliis
938 2013 1021 2100 apud
1045 2010 1221 2078 Manilium.

228 2122 292 2186 Sed
315 2123 377 2189 hoc
398 2129 563 2214 ineptum,
580 2131 625 2193 ait
646 2133 682 2193 B.
704 2147 769 2191 non
792 2125 876 2190 enim
895 2119 1087 2187 abscondunt
1108 2118 1221 2207 superi.

226 2227 400 2310 Fatemut3
418 2235 470 2304 sed
490 2236 513 2301 fi
533 2236 779 2310 absconderent,
795 2233 844 2298 ait
856 2229 1025 2306 Manilius,
1042 2229 1109 2318 quis
1127 2247 1242 2292 murra..

224 2337 303 2403 dum
322 2339 421 2427 posset
442 2343 655 2433 cognoscere,
677 2341 859 2427 subripere,
887 2337 1006 2404 furari?
1029 2337 1137 2402 Sensus
1163 2335 1220 2404 ine

223 2465 327 2537 neque
349 2453 471 2538 ineptus
495 2450 558 2529 est,
577 2473 680 2542 neque
702 2449 809 2538 inepti
829 2446 996 2515 dManilio
1022 2441 1190 2534 expressus.

266 2620 308 2685 V.
329 2625 381 2686 86.
397 2626 484 2685 Fecit
500 2622 528 2680 ἅ
548 2624 669 2704 ignotis
690 2622 804 2681 iterio
829 2599 1008 2682 commercia
1033 2622 1133 2684 terris.
1154 2619 1221 2684 Le·

227 2725 359 2818 gebatur
376 2726 468 2802 olim,
484 2730 577 2787 itiner
588 2727 774 2786 commercia.
791 2724 924 2789 Castum
941 2723 1018 2790 illud
1032 2722 1125 2790 itiner
1141 2747 1221 2790 exu·
1275 2729 1279 2735 “

191 2844 192 2847 ’
229 2832 318 2907 lare,
345 2824 499 2918 praeunte
529 2831 716 2907 Gronouio,
739 2830 818 2916 juffit
841 2833 880 2894 B.
904 2827 994 2900 solius
1018 2831 1132 2896 Veneti
1154 2829 1220 2902 mss.

227 2937 411 3004 austeritate
430 2936 546 3002 fretus:
571 2937 643 3002 huic
666 2937 739 3004 addi
766 2935 864 3024 potest
884 2935 1050 3002 autioritas
1069 2939 1220 3004 Romane

225 3044 396 3120 editionis,
416 3046 447 3109 in
465 3054 544 3135 qua,
564 3045 639 3114 teste
655 3047 770 3125 Junio,
782 3046 897 3138 legitur
913 3049 972 3112 iter
988 3047 1015 3108 e
1029 3047 1219 3111 commercio.
1260 3071 1262 3073 ·

273 3203 315 3268 V.
342 3205 415 3268 168.
437 3205 577 3266 Phoebus
600 3205 646 3266 od
667 3205 817 3286 occasum.
848 3205 898 3270 Sic
925 3204 1025 3293 arguit
1046 3199 1219 3268 Maniliust

227 3312 326 3377 Tetra
339 3313 371 3376 in
384 3311 489 3378 medio
502 3311 640 3399 pendet:
657 3312 797 3402 alioquin
814 3309 860 3378 sol
876 3313 1010 3378 interdiu
1027 3310 1068 3376 ab
1087 3325 1157 3374 ortu
1176 3307 1221 3372 od
1278 3345 1282 3354 -

228 3423 370 3504 occasum
381 3443 445 3486 non
459 3419 655 3510 properaret,
666 3427 699 3488 δι
713 3421 808 3487 notio
818 3433 883 3508 non
893 3432 1042 3487 remearet
1053 3419 1094 3485 ad
1105 3430 1220 3482 ortum«

228 3529 393 3612 Optimum
411 3529 495 3596 certe
518 3553 575 3618 pro
597 3532 745 3618 temporit
767 3528 849 3594 illius
871 3527 1068 3615 Philosophia
1092 3523 1222 3591 ratioci-

229 3636 336 3706 niumt
357 3635 526 3706 leniorem
548 3661 624 3729 ergo
646 3656 786 3706 ueterem
803 3636 915 3704 meriti>
939 3636 1128 3703 retinuimus.

159 3842 170 3862 Ι
273 3773 314 3857 V.
339 3815 426 3877 217,
444 3799 520 3859 218.
543 3797 623 3878 Post
642 3795 739 3865 medio
755 3784 896 3878 subjecte
908 3799 985 3880 polo
996 3840 1009 3871 ,
1028 3755 1218 3860 8cc.'Versus

208 3980 211 3985 ‚
230 3899 287 3970 hos
304 3902 382 3972 duos
400 3900 517 3992 spurios
535 3906 568 3971 δε
587 3905 710 3992 ineptos
728 3903 960 3991 pronuntiatB.
976 3903 1119 3986 Subjetla
1128 3947 1141 3982 ,
1162 3901 1214 3988 in·³
