3325 5084
529 581 599 645 3²0
695 561 799 624 Nora
822 571 960 620 cutmen
984 577 1017 622 nt
1040 561 1180 624 Mirum
1204 577 1355 628 textuit.

530 707 613 768 mine
634 697 663 764 se
677 696 751 762 vete
766 693 895 784 dignum
907 695 1087 778 prestiterat.
1107 705 1212 766 Stoeb.
1231 703 1310 790 legit
1326 711 1515 786 componere,

532 805 690 894 sensusque
714 804 757 896 el}
779 807 868 886 juxta
893 803 1011 889 ipsumt
1034 811 1104 869 Ctim
1128 828 1220 875 tantae
1247 809 1324 876 effes
1353 813 1516 898 potentie.

533 936 568 982 ut
587 915 759 1004 quemlibet
788 919 887 976 olium
910 937 1076 1000 magnum,
1101 935 1155 981 tua
1180 921 1326 1003 potentia
1354 920 1520 993 omum,

528 1025 630 1110 poffes
653 1043 848 1104 componere,
874 1021 907 1110 id
931 1021 973 1084 eu
985 1067 996 1096 ‚
1024 1020 1156 1106 sepelite.
1179 1027 1357 1090 Pronuntiat
1384 1027 1515 1114 denique

531 1133 617 1228 liure
640 1130 725 1196 illum
749 1129 842 1194 alium
868 1125 926 1194 elle
954 1127 1151 1196 Ptolemaum
1174 1131 1295 1222 AEgypti
1317 1155 1444 1222 regem,
1462 1130 1516 1218 qul

532 1240 608 1312 uerti
628 1259 756 1326 magnus
781 1237 798 1301 l
822 1237 972 1321 Pompeio
1000 1235 1100 1304 fuillet
1128 1243 1270 1330 agnitus,
1295 1261 1459 1330 «magnus
1483 1241 1514 1302 in

533 1378 557 1409 a
571 1349 759 1420 clementia,
776 1343 875 1432 inquit
902 1345 987 1408 Burt.
1008 1341 1029 1409 li
1053 1349 1192 1433 Pompeii
1209 1345 1372 1412 infortunia
1390 1345 1516 1411 misera·

531 1483 554 1514 a
570 1475 618 1518 tus
631 1451 727 1530 ess'et,
747 1459 779 1518 δι
793 1453 956 1538 Pompeius
970 1449 1050 1517 illius
1066 1451 1161 1540 opetd
1175 1454 1306 1522 vixisset
1323 1455 1415 1534 Quod
1429 1441 1514 1522 alitei

529 1559 792 1648 »proposuerunt
807 1563 882 1637 alii,
905 1561 1020 1650 ignave
1047 1583 1283 1648 conceperunt,
1304 1567 1336 1631 δι
1358 1561 1423 1628 luas
1440 1557 1512 1650 quis·

528 1663 696 1755 aquiliae,
719 1690 783 1732 non
812 1669 945 1734 audlotis
967 1665 1082 1734 sensum
1105 1669 1255 1736 exhibent
1273 1700 1308 1738 aa.
1335 1675 1366 1734 0
1390 1666 1511 1734 hominis

528 1772 770 1844 confidentiam!
793 1778 864 1841 Nos
880 1779 1016 1846 Bentleii
1034 1799 1066 1847 ut
1085 1779 1253 1847 lellionem
1264 1827 1275 1858 ,
1302 1782 1348 1846 ita
1371 1783 1404 1844 δι
1423 1778 1508 1840 intet-

529 1881 732 1975 ptetationem
754 1878 851 1946 secuti
877 1883 986 1952 sumus.

509 2087 512 2106 ,
571 2030 610 2094 V.
631 2050 706 2096 ιιι.
722 2029 768 2091 Et
787 2027 882 2086 multo
897 2029 1082 2108 gaudentem
1094 2030 1251 2117 sangnine
1270 2031 1378 2094 civem.
1395 2028 1456 2092 Cur
1471 2023 1508 2085 cl·

526 2133 600 2203 dem
622 2133 725 2224 potids
746 2132 834 2223 quim
857 2153 962 2219 regem
991 2153 1045 2198 aut
1070 2153 1262 2223 tyrannum?
1287 2131 1458 2224 interrogat
1477 2131 1507 2194 u

523 2243 639 2328 Utique
653 2242 726 2328 quia
745 2243 782 2337 in*
795 2236 967 2325 Republica
984 2239 1127 2306 Romana
1142 2246 1329 2328 princeps&
1345 2257 1499 2331 tyrannus,

524 2349 663 2420 Marius,
678 2344 782 2429 Sylla,
796 2344 983 2427 Pompeius,
997 2343 1120 2419 Caesar,
1141 2352 1317 2425 Antonius,
1334 2345 1402 2433 ipse
1421 2349 1504 2412 etiam

520 2453 674 2544 liugullus
690 2451 776 2516 cives
796 2467 905 2524 erant,
926 2446 1067 2536 civesque
1083 2450 1113 2513 se
1129 2450 1189 2514 elle
1208 2452 1434 2538 gloriabantur.
1447 2451 1507 2515 'Ve-

521 2562 588 2630 rum
603 2561 625 2626 li
640 2561 743 2626 civem
757 2557 851 2624 efficit
869 2555 1025 2642 scorpios,
1043 2548 1129 2620 addit
1146 2560 1182 2622 B.
1198 2553 1286 2642 ipfius
1301 2555 1413 2643 sc'orpii
1431 2558 1505 2623 civit

521 2674 587 2740 erit
599 2672 672 2735 Vim
686 2667 871 2751 objectionis
884 2686 947 2729 non
963 2661 1043 2730 bend
1058 2665 1207 2750 percipio.
1228 2669 1301 2743 Quo
1322 2665 1411 2731 sensu
1427 2661 1501 2750 apud

521 2779 700 2847 Bentleium
719 2774 858 2860 scorpios
880 2771 1017 2860 Syllam,
1041 2772 1153 2838 eodem
1170 2773 1252 2859 apud
1276 2773 1438 2839 Manilium
1460 2772 1498 2834 ci·

521 2901 597 2956 vem
618 2886 715 2950 multo
733 2883 880 2969 sanguine
898 2881 1086 2969 gaudentem
1108 2881 1210 2947 efficit.
1231 2884 1319 2944 Civis
1339 2881 1375 2946 fit
1392 2895 1495 2944 nomen

519 2995 702 3066 telativum,
719 2989 799 3054 esto:
816 2987 870 3052 sed
884 2989 906 3052 ii
920 3009 1049 3076 quotum
1064 2987 1219 3054 nativitati
1238 2990 1338 3074 praeell
1354 2988 1493 3074 scorpius,

518 3102 670 3168 concives
690 3096 757 3162 lunt
774 3117 881 3160 eorum
904 3117 1034 3184 quorum
1055 3094 1192 3183 gaudent
1207 3095 1363 3164 effundere
1385 3091 1492 3182 sangui·

517 3231 592 3276 nem
606 3233 615 3272 t
630 3207 669 3271 de
683 3202 826 3271 civilibus
839 3205 921 3270 enim
934 3202 1023 3269 bellis
1036 3203 1097 3268 hoc
1113 3226 1236 3270 comma
1251 3205 1349 3291 potell
1363 3197 1490 3287 intelligi·

515 3321 663 3398 l’roeterea
684 3299 834 3397 lapillime
857 3312 986 3379 relativa
1005 3313 1265 3402 nomina-absque
1287 3313 1350 3378 ulla
1371 3306 1490 3378 correla-

515 3445 617 3492 torum
631 3419 751 3485 suorum
769 3417 908 3506 exprell'a
924 3421 1081 3486 mentione
1100 3418 1293 3488 adhibentur.
1313 3423 1380 3497 Sic,
1403 3440 1439 3484 ne
1454 3410 1489 3478 ab

516 3531 584 3621 ipso
597 3532 677 3604 civis
690 3530 817 3593 nomine
831 3527 893 3592 alio
906 3547 1118 3602 excurramus,
1133 3515 1241 3592 llotat.
1257 3530 1316 3614 Ep.
1327 3529 1359 3608 l,
1373 3546 1427 3616 15,
1441 3541 1487 3601 29«

645 3652 784 3718 lmptausut
802 3667 854 3702 non
869 3649 911 3716 qui
926 3649 1001 3702 ciuem
1019 3647 1172 3717 dignosceret
1190 3650 1265 3702 holle·

560 3754 752 3850 EtEpistl,
783 3776 822 3829 1,
847 3773 901 3838 53.
972 3772 976 3780 ·

644 3872 766 3947 orinal
781 3874 860 3942 eires.
876 3874 1006 3953 querenda
1020 3875 1121 3946 pecunia
1136 3875 1299 3947 prmumeu
1346 3915 1389 4024 ,v-
1462 3851 1478 3898 '¹

1355 3962 1483 4040 All·
