3325 5084
425 727 471 790 ao
598 702 692 774 Lus
728 699 1221 787 Asruouourouas

421 874 794 982 Jl'emporisarticulo,
815 876 877 950 sub
899 905 971 975 quo
991 830 1148 953 censetur
1168 883 1203 953 ἃ
1223 878 1297 977 ipse
1310 858 1339 966 ,ι’
1359 893 1362 896 ,

417 1021 528 1132 ¹Quod
551 1024 629 1096 facit
653 1021 803 1120 aequales
827 1021 921 1097 luces
944 1027 1155 1102 brumalibus
1176 1027 1330 1114 umbris,

213 1206 218 1240 r
319 1168 397 1247 325
423 1168 686 1269 Cognatamque
707 1173 794 1272 gerit
811 1171 948 1244 diverso
971 1177 1007 1245 in
1028 1177 1168 1248 cardine
1186 1173 1316 1276 legem.

421 1315 576 1392 Alterius
594 1321 697 1416 partis
718 1317 894 1415 perfundit
914 1324 1069 1416 aquarius
1091 1326 1210 1424 ignes,

266 1462 282 1512 t
420 1466 538 1552 Quem
557 1463 702 1536 subeunt
721 1466 830 1558 pisces
850 1490 1007 1543 extremo
1029 1469 1138 1543 fidere
1163 1471 1289 1544 cancri.
1391 1516 1393 1519 v

419 1603 473 1677 At
491 1601 549 1675 leo
574 1602 742 1679 consortis
758 1607 913 1690 meminit
938 1610 1001 1682 sub
1025 1613 1104 1712 lege
1125 1619 1274 1718 trigoni,

420 1747 699 1844 Lanigerumque
717 1747 844 1819 ducem
860 1752 1006 1848 recipit,
1026 1775 1233 1853 taurumque
1245 1763 1416 1856 quadrato

319 1909 394 1989 330
421 1897 651 1998 Conjuneium
671 1895 748 1969 fibi:
770 1894 831 1968 sub
845 1898 990 1999 geminis
1008 1921 1085 1994 pars
1104 1904 1202 1972 tertia
1220 1904 1346 1978 fertur:

418 2052 498 2122 Hos
522 2073 663 2144 quoque
685 2047 863 2145 conjungit
881 2071 944 2143 per
968 2047 1068 2119 senos
1088 2047 1177 2121 linea
1200 2050 1322 2122 flexus.

416 2198 633 2294 Praecipuum
652 2197 804 2296 Erigone
826 2221 954 2268 cancro
975 2196 1138 2270 concedit
1158 2197 1353 2280 honorem,
1406 2287 1410 2292 .

418 2344 486 2417 Cui
506 2347 651 2443 primam
675 2345 791 2417 tribuit
809 2367 969 2442 partem:
997 2344 1108 2418 vicina
1125 2340 1237 2414 relieia
1255 2344 1329 2434 est,

417 2493 566 2579 Vicina,
587 2494 758 2567 Nemeaee
772 2547 782 2580 ,
795 2473 891 2566 tibi:
909 2515 985 2590 pars
1005 2491 1106 2589 ipsius
1123 2493 1192 2562 ima
1212 2491 1284 2579 ess,

319 2644 392 2720 335
420 2645 509 2737 Quae
535 2641 680 2714 fastidito
701 2640 860 2720 comessa
882 2643 928 2714 est
948 2647 1025 2741 Jure
1046 2642 1161 2738 potiri.

418 2790 490 2862 Sed
512 2787 596 2862 libra
622 2787 785 2888 exemplo
803 2791 956 2891 gaudet,
978 2789 1174 2884 pariterque
1198 2782 1376 2888 regentem

417 2935 547 3008 Noctes
567 2957 669 3032 atque
686 2938 760 3009 dies
782 2937 919 3011 diverso
940 2939 976 3030 in
997 2960 1158 3034 tempore
1184 2936 1302 3009 secum

308 3121 312 3129 s
418 3079 626 3182 Lanigerum
649 3084 806 3180 sequitur.
823 3085 926 3160 Veris
948 3090 1030 3183 juga
1054 3104 1226 3182 temperat
1248 3082 1329 3170 i11e;

417 3230 507 3306 Haec
529 3228 740 3304 autumnales
761 3235 946 3329 componit
967 3230 1100 3307 lucibus
1119 3233 1247 3323 horas.x

319 3381 394 3464 340
418 3377 516 3450 Nulli
535 3378 697 3450 concedit
723 3379 892 3472 primam,
911 3382 1083 3476 traditque
1106 3379 1259 3476 sequenti

416 3523 575 3598 Vicinam
595 3493 751 3620 partem3
773 3525 925 3597 centauri
947 3527 1044 3598 tertia
1058 3523 1189 3594 summa
1210 3519 1266 3590 est

416 3669 581 3765 Scorpios
602 3672 637 3742 in
660 3672 769 3767 prima
791 3673 1031 3767 capricornum
1052 3686 1149 3763 parte
1171 3653 1331 3753 locavitt'

413 3810 568 3889 Alterius
588 3815 770 3886 dominum
784 3816 888 3899 fecit,
910 3818 966 3887 cui
987 3837 1119 3886 nomen
1141 3815 1187 3889 ab
1209 3815 1310 3888 undis
1322 3840 1337 3906 3
1434 3874 1436 3876 ,

415 3961 594 4036 Extremas
618 3945 728 4038 uoluit
746 3981 861 4059 partes
881 3957 943 4033 sub
962 3957 1111 4060 piscibus
1134 3959 1225 4053 effe,
