3325 5084
758 863 1260 1036 Nonn-

470 1133 574 1242 ιΝ
592 1131 976 1244 ARATAEA
1011 1105 1466 1244 cucullosus,

513 1493 552 1558 V.
574 1516 602 1558 ι.
619 1494 672 1560 Ab
687 1496 763 1559 Ioue
784 1493 947 1576 Musarum
957 1495 1139 1576 primordia.
1154 1488 1319 1558 conciliis
1333 1493 1467 1560 Aratus,

469 1615 510 1671 ιι
526 1598 598 1674 nde
617 1594 817 1690 ἆςχιίαιιθι.
844 1602 897 1668 Ab
917 1603 1000 1671 Jove
1021 1600 1184 1704 oediamur.
1208 1601 1283 1665 Huc
1302 1591 1467 1684 respexilie

470 1705 589 1776 videtur
605 1706 776 1794 Virgilius,
789 1709 859 1778 Ecl.
880 1709 923 1776 Ill
932 1757 945 1789 ,
962 1717 1016 1776 60.
1440 1735 1443 1738 ·

599 1840 639 1894 Ab
655 1837 722 1890 Jove
738 1842 889 1910 principium
904 1842 1086 1906 Musae310vis
1101 1845 1187 1896 omnia
1201 1845 1291 1912 plena,
1309 1849 1360 1895 διε.

516 1980 557 2044 V.
572 1995 606 2064 5.
619 1979 685 2042 Nos
697 2001 795 2064 genus
808 1983 909 2046 illius.
926 1985 1052 2062 Graecd,
1074 1982 1121 2052 ΤΕ
1131 1983 1191 2072 72⁸2
1204 1980 1257 2051 uui
1267 1979 1352 2068 γένος
1368 1975 1465 2064 laud.

473 2088 569 2175 Ipfius
587 2090 670 2153 enim
684 2089 716 2150 δι
730 2107 827 2175 genus
846 2085 954 2181 sumus.
974 2093 1045 2156 Hoc
1064 2093 1107 2158 est
1124 2093 1247 2160 celebre
1269 2091 1364 2158 Arati
1385 2085 1465 2152 testi-

471 2197 646 2271 monium,
677 2217 739 2284 quo
781 2196 824 2258 uti
855 2217 917 2260 non
952 2197 1137 2286 dedignatus
1181 2200 1223 2264 est
1267 2196 1463 2284 Apostolus,

457 2304 541 2404 ‘Aee
561 2305 672 2382 XVll,
693 2307 734 2368 28
744 2350 756 2380 ‚
776 2325 879 2370 coram
900 2303 1136 2372 Athenienlibus
1151 2308 1191 2372 de
1209 2307 1381 2373 divinitate
1402 2299 1465 2368 dis·

469 2412 581 2480 serens.

513 2569 553 2632 V.
578 2573 631 2633 28.
645 2573 802 2654 Septem*
819 2574 955 2646 triones,
975 2568 1006 2632 id
1026 2567 1086 2644 est,
1104 2566 1220 2654 septem
1231 2565 1332 2634 boves
1347 2561 1460 2652 plaus-

471 2695 520 2740 tro
539 2676 679 2741 idoneos.
703 2684 804 2758 Nam,
825 2679 899 2746 telle
917 2679 1072 2754 Varrone,
1095 2676 1115 2740 l.
1130 2679 1194 2754 Vl,
1216 2678 1255 2742 de
1274 2675 1388 2764 lingua
1414 2671 1463 2736 la·

469 2787 557 2859 tina,
578 2785 679 2850 boves
700 2793 818 2850 triones
849 2784 1064 2874 appellantur,
1088 2784 1170 2875 quasi
1189 2789 1358 2860 terriones,
1388 2780 1462 2871 quia

470 2913 582 2960 terram
606 2915 702 2960 arant.
727 2897 814 2958 Duas
845 2894 945 2972 ursas,
971 2894 1022 2959 seu
1045 2895 1108 2960 duo
1136 2893 1286 2980 plaustra,
1306 2871 1405 2976 majus
1430 2893 1461 2953 δι
1532 2913 1533 2942 i

472 3005 594 3079 minus,
613 3005 753 3089 geminos
771 3005 887 3062 triones
911 3021 1008 3066 vocat
1033 3003 1201 3092 Virgilius,
1217 3005 1316 3104 AE”·.¹
1326 3049 1337 3078 ‚
1358 3003 1436 3090 748.
1531 2945 1533 3048 d

518 3161 557 3224 V.
568 3182 622 3239 40.
634 3159 794 3240 Sefidunt.
806 3159 853 3221 ita
868 3159 1003 3224 Grotius.
1015 3162 1130 3228 Cicero
1144 3161 1182 3226 de
1195 3163 1268 3224 Nat.
1283 3163 1323 3226 D.
1337 3163 1381 3235 11,
1395 3177 1454 3234 412
1531 3091 1533 3188 d

472 3265 593 3333 versum
613 3267 653 3331 lic
674 3265 790 3352 allegat
801 3310 812 3341 ,
839 3285 871 3329 ut
891 3267 1047 3342 diximus,
1068 3271 1140 3331 Ηάε
1154 3269 1284 3348 fidunt,
1307 3275 1370 3333 διε.
1392 3267 1455 3327 Ve·
1532 3303 1533 3340 ff

470 3374 538 3440 rdm
564 3377 608 3439 ibi
631 3371 822 3460 Cynosuram
851 3371 945 3436 modi>
970 3396 1195 3440 memoraverat
1204 3371 1290 3447 3'hic
1314 3371 1453 3462 praeceffit

394 3502 397 3507 ·
468 3483 595 3548 Helices
620 3482 757 3555 mentio,
776 3482 816 3546 ad
839 3504 930 3570 quam
949 3479 1053 3546 referti
1076 3504 1139 3545 non
1159 3482 1257 3567 potest
1276 3485 1381 3548 versus
1400 3501 1451 3570 49·

466 3591 627 3662 Servando
639 3614 676 3657 ea
693 3613 758 3679 quae
774 3593 934 3654 Ciceronis
947 3589 1029 3662 sunt,
1043 3610 1145 3657 cetera
1160 3591 1199 3654 iic
1221 3590 1353 3678 suppleri
1371 3583 1450 3676 polle

464 3681 565 3765 'aedit
583 3721 756 3787 anonymus
779 3699 862 3786 apud
882 3698 1067 3778 Olivetum,
1098 3699 1236 3767 sermone
1254 3700 1272 3766 l
1291 3696 1380 3776 versu
1411 3698 1446 3774 38

472 3825 614 3890 repetito.
