3325 5084
407 715 469 781 182
583 703 1193 794 LnsAsrn·on0n1Quns

402 881 483 954 Nec
509 879 601 954 cedit
621 899 737 953 tamen
762 874 820 950 illa
841 878 938 970 viro,
965 879 1027 956 sed
1046 883 1141 988 saeyit
1158 887 1194 960 in
1217 903 1314 958 auras

369 1093 373 1102 .
402 1027 592 1122 Moribus,
610 1031 645 1128 ὃς
666 1027 745 1106 vani
764 1028 932 1124 crepitant
952 1027 1021 1104 sine
1040 1031 1181 1110 vulnere
1202 1033 1336 1108 dentes.

307 1175 381 1251 ¹600
404 1175 505 1250 Efflat
527 1179 564 1249 ἃ
588 1178 623 1252 in
643 1175 771 1278 coelum
797 1172 957 1276 pelagus,
975 1180 1167 1280 mergitque
1187 1181 1365 1257 volantem

402 1324 602 1426 Sanguineis
622 1323 746 1412 undis,
771 1342 989 1420 pontumque
1010 1317 1143 1399 extollit
1165 1328 1200 1399 in
1223 1317 1317 1412 ostra.

403 1471 585 1566 speoabat
610 1497 761 1570 pugnam
784 1472 961 1576 pugnandi
983 1455 1088 1548 causo¹
1106 1474 1247 1574 puellae
1306 1437 1310 1445 ι

325 1611 332 1680 ζ
405 1619 554 1714 Jamque
581 1612 690 1687 oblita
718 1614 789 1701 sui,
809 1621 931 1690 metuit
956 1645 1022 1716 pro
1044 1624 1183 1700 vindice
1202 1622 1260 1698 iuli

406 1761 600 1862 suspirans,
620 1763 807 1858 animoque
828 1767 934 1864 magis
955 1768 1062 1862 quom
1082 1796 1234 1871 corpore
1252 1774 1398 1876 pendet·
1465 1771 1468 1776 .
1558 1745 1574 1787 e

313 1911 385 2006 605
410 1911 572 1987 Tandem
595 1907 754 1984 confossis
777 1907 928 2024 subledit
950 1908 1069 1984 bellua
1090 1918 1279 2005 membris,
1300 1912 1304 1925 '

306 2115 308 2120 -
409 2059 514 2134 Plena
529 2059 649 2146 marie,
662 2053 876 2150 summasque
890 2059 1013 2129 iterum
1029 2062 1197 2146 remeavit
1210 2064 1255 2135 ad
1268 2068 1392 2162 undas,

410 2209 457 2310 Ei
476 2232 638 2308 magnum
658 2205 751 2280 vallo
776 2205 931 2277 contexit
949 2229 1100 2302 corpore
1126 2230 1292 2304 pontum,

281 2429 284 2433 ,
410 2351 513 2426 Tune
533 2377 675 2450 quoque
693 2349 876 2439 terribilis,
894 2375 961 2422 nec
976 2352 1112 2450 virginis
1131 2376 1193 2460 ore
1213 2356 1376 2429 videnda.¹

259 2451 270 2478 ⁵
329 2589 333 2600 .
409 2498 590 2608 ‘Perfundit
611 2499 745 2597 liquido
761 2498 903 2574 Perseus
921 2501 956 2571 io
979 2525 1150 2573 marmore
1170 2525 1320 2599 corpus,

279 2741 282 2747 A
315 2651 391 2728 '610
415 2651 529 2751 Major
552 2652 587 2722 ἃ
609 2672 652 2724 ex
676 2650 775 2724 undis
797 2651 843 2723 ad
866 2672 982 2725 cautes
1004 2647 1164 2747 provolat
1183 2648 1286 2738 altas,

414 2778 594 2894 Solvitque
615 2799 805 2872 haerentem
826 2794 946 2873 vinclis
966 2797 1013 2870 de
1032 2822 1119 2896 rupe
1142 2795 1315 2898 puellam,

413 2941 632 3044 Desponsam
650 2947 787 3048 pugni,
808 2968 992 3044 nupturam
1018 2946 1104 3020 dote
1122 2948 1241 3020 mariti.

414 3098 484 3168 Hic
505 3097 601 3169 dedit
622 3095 865 3172 Andromedae
888 3094 1033 3182 coelum,
1056 3094 1224 3192 stellisque
1238 3093 1379 3170 sacravit

417 3245 623 3318 Mercedem
642 3247 725 3319 tanti-
747 3245 852 3348 belli,
868 3271 940 3343 quo
963 3245 1115 3320 concidit
1134 3244 1208 3342 ipsi

319 3383 393 3477 515
418 3397 587 3497 Gorgone
605 3421 676 3468 non
690 3393 799 3472 levius
818 3395 1027 3483 monssrum,
1042 3391 1251 3494 pelagusque
1263 3390 1402 3468 levavit.

416 3655 505 3734 tleio,
523 3656 661 3740 credimus
679 3658 810 3736 spurium.

524 3786 630 3838 Perseus
641 3822 650 3846 ,
667 3791 692 3837 δι
705 3788 753 3840 ceti
769 3787 893 3838 subeuntis
906 3787 1017 3850 verberat
1027 3801 1080 3838 ora.
1169 3811 1172 3821 =

415 3895 606 3964 Masculinum
622 3899 709 3976 illud,
731 3904 788 3966 ceti
798 3903 959 3977 subeuntis
980 3897 1108 3980 precedit
1124 3906 1150 3968 δι
1167 3896 1342 3981 subsequitut
1356 3895 1403 3960 fe·

415 4014 540 4082 mineum
560 4012 626 4072 illa.
