3325 5084
443 561 514 652 „t

450 669 1448 836 uaeff-Qffiffitt-

509 914 837 1078 NOTAE
887 927 1384 1081 CRITICAE

452 1202 558 1392 ru
612 1197 995 1311 MANJLJJ
1061 1192 1504 1372 currunt·

648 1567 742 1652 IN
796 1565 1162 1660 LIBRUM
1219 1574 1252 1660 Ι.

498 1765 540 1832 V.
565 1785 593 1830 r.
622 1766 769 1831 Divinas
797 1791 906 1848 artes,
938 1769 1138 1840 divinatrices
1159 1773 1379 1860 interpretatur
1401 1767 1454 1838 Se.

457 1875 521 1976 qao
545 1870 630 1941 sensu
653 1873 736 1960 apud
762 1878 927 1946 Horatium
957 1881 1068 1947 cornix
1093 1881 1204 1948 dicitur
1227 1883 1376 1950 lmbriurn
1398 1883 1455 1943 di·

363 1969 372 1983 ’
458 1990 537 2050 vina
556 1987 624 2052 avis
645 1983 867 2050 imminemum.
888 1987 1056 2056 Maluimus
1079 1990 1228 2058 accedere
1249 1991 1395 2058 Salmalio
1415 1991 1451 2054 δι

368 2098 375 2112 '
458 2097 488 2163 F
488 2117 551 2182 ayo
564 2143 574 2174 ,
586 2095 700 2184 quibus·
709 2096 824 2158 divina
837 2113 919 2157 artes
936 2096 1002 2161 sunt
1016 2119 1099 2162 artes
1112 2104 1254 2184 coelestes.
1269 2105 1362 2166 Porro
1380 2119 1455 2163 car·

460 2204 544 2266 mine
563 2202 659 2267 fidera
681 2201 735 2266 fibi
760 2199 900 2276 mundo,
921 2201 953 2264 id
977 2201 1038 2279 est,
1061 2205 1148 2270 coelo
1170 2207 1356 2292 deducenda
1374 2204 1456 2270 dicit

443 2319 447 2325 '
458 2305 604 2373 Manilius
616 2333 624 2370 ε
638 2329 695 2373 nec
709 2308 833 2380 mirum,
845 2304 915 2370 ctim
928 2305 1040 2371 dixerit
1049 2308 1196 2395 Virgilius
1206 2311 1275 2374 Ecl.
1288 2315 1380 2392 Vlll,
1393 2317 1459 2397 695.

530 2478 535 2483 «
588 2439 704 2492 Carmina
714 2439 756 2490 vel
771 2437 836 2488 culo
852 2435 948 2505 poliunt
962 2435 1082 2488 deducere
1097 2436 1190 2489 lunata·

504 2577 544 2640 V.
566 2583 596 2640 6.
618 2578 758 2659 Hospita
767 2575 864 2656 sacra
878 2573 1005 2653 ferens,
1025 2575 1104 2641 nulli
1120 2593 1286 2636 memorata
1300 2575 1459 2658 priorum.

340 2696 345 2704 '
408 2721 416 2728 ·
460 2685 620 2767 Hospita,
648 2683 680 2748 id
708 2683 750 2748 cst
776 2685 961 2771 peregrina,
982 2679 1127 2746 Heliconi
1149 2657 1283 2769 ignota,
1312 2681 1456 2748 nondum

461 2793 518 2879 ipfi
539 2792 665 2870 oblata,
686 2794 773 2857 aiunt
789 2795 839 2856 Sc.
860 2793 892 2858 F.
919 2794 951 2855 δι
976 2789 1039 2854 alii.
1061 2793 1143 2854 Cum
1162 2788 1238 2856 illud
1259 2789 1450 2856 vocabulum

465 2902 628 2983 Hospita,
651 2901 772 2987 quotics
795 2897 879 2983 apud
901 2897 1015 2962 latinos
1040 2898 1150 2983 poetas
1170 2899 1338 2984 reperitur,
1359 2899 1451 2963 toties

468 3005 533 3074 leri·
552 3005 673 3073 diverso
698 3005 807 3083 sensu,
830 3010 883 3094 qui
909 3026 1015 3072 tamen
1036 3007 1076 3071 ad
1096 3001 1266 3091 hospitium
1279 3005 1451 3080 referatur,

466 3114 680 3201 accipiendum
707 3115 766 3179 effe
786 3110 952 3195 videaturj
976 3138 1016 3180 co
1036 3115 1162 3180 nomine
1183 3114 1345 3204 fignificari
1361 3109 1450 3200 posse

466 3224 649 3290 credidimus
666 3224 769 3314 sacra?
785 3247 851 3311 quac
868 3223 951 3310 apud
965 3222 1155 3308 Heliconem
1174 3223 1206 3285 in
1229 3225 1362 3288 amicum
1380 3219 1447 3295 hos-
1503 3307 1508 3316 A
1561 3255 1563 3258 ·

405 3337 408 3342 ’
467 3333 577 3420 picium
589 3331 829 3397 admitterentur.
844 3336 938 3396 Porro
952 3333 1036 3396 sacra
1047 3331 1102 3396 illa
1113 3379 1122 3407 ‚
1134 3326 1194 3419 qud
1208 3331 1326 3396 ratione
1341 3329 1448 3393 trallae

435 3494 437 3497 .
469 3439 533 3526 ipsa
550 3436 713 3515 Manilius,
733 3439 840 3516 idest,
863 3435 922 3528 qud
940 3458 1026 3524 parte
1048 3436 1184 3504 diversos
1207 3438 1332 3502 variant
1350 3435 1447 3500 homi-

470 3573 544 3614 num
565 3547 672 3625 casus,
692 3548 793 3614 nullus
814 3549 974 3634 po'c'tarum
997 3547 1060 3614 five
1078 3547 1265 3636 latinorum,
1281 3544 1344 3610 five
1362 3545 1451 3610 etiam

426 3677 430 3686 ’
470 3675 662 3741 gracorum,
686 3677 759 3723 ante
775 3656 937 3741 Manilium
960 3656 1153 3722 tractaverat.

515 3761 554 3831 V„
576 3767 625 3824 18.
649 3766 778 3848 Quaque
801 3786 888 3851 regat
904 3785 1089 3850 generetque.
1123 3763 1195 3826 Hac
1215 3757 1318 3846 inepte
1335 3763 1367 3824 &
1387 3780 1450 3844 per-
1562 3823 1563 3832 ,

394 3861 399 3865 ’
472 3860 563 3930 verso
593 3867 705 3949 ordine
732 3871 893 3950 veniunt,·
914 3871 1012 3960 inquit
1035 3875 1071 3936 B.
1097 3868 1179 3960 quafi
1207 3871 1288 3956 prius
1311 3884 1451 3956 regeret,
