3325 5084
362 531 366 539 “
431 547 495 607 114
545 490 547 499 ¹
606 511 1244 599 ,Ln.n·snouon10u1,.

426 692 521 796 Quid
536 685 671 766 valeant
684 707 783 774 ortu,
797 685 882 781 quid
899 685 979 757 edm
996 710 1193 788 mergrmtur
1205 689 1240 761 in
1253 692 1360 766 undas
1369 739 1384 781 ,

424 839 470 916 Et
494 861 601 940 quota
622 839 676 914 de
688 837 740 912 bis
763 833 821 910 sex
845 823 934 908 astris
953 861 1032 934 pars
1051 838 1218 934 quodque
1235 841 1395 922 reducat«

304 1081 306 1092 Ι
351 983 401 1060 30
424 991 489 1067 Hit
505 986 604 1062 stellis
627 985 782 1116 proprias
804 982 895 1056 vires
915 985 949 1098 dr
971 1005 1132 1084 tempora
1153 1011 1267 1060 rernm
1348 1071 1351 1076 ,

425 1137 607 1214 Constituit
632 1131 748 1232 magni
772 1083 950 1226 quondam
977 1132 1162 1207 fabricator
1179 1133 1325 1233 olympi.
1388 1204 1390 1209 ,
1439 1106 1479 1167 l·
1517 1224 1520 1232 Ι

433 1283 535 1362 Vir
553 1283 665 1384 gregis
691 1282 725 1354 dr
750 1277 851 1377 ponti
874 1277 1341 1379 vioor,cu·1partereuaa
1440 1271 1443 1275 ’

422 1427 568 1514 Nomen
583 1428 739 1524 onusque
752 1425 876 1513 dedit,
897 1451 964 1530 nee
963 1426 1099 1562 pelle
1089 1432 1249 1503 immunis
1263 1431 1307 1504 ab
1295 1428 1417 1532 ipsa;

423 1553 617 1654 Colchidos
642 1577 678 1646 dr
701 1575 852 1672 magicas
871 1551 968 1649 artes
985 1579 1046 1674 qui
1068 1557 1177 1663 visere
1192 1579 1321 1655 Iolcon

349 1725 397 1806 35
422 1691 561 1800 idedeae
588 1717 699 1818 juffit,
723 1719 906 1812 movitque
925 1742 1058 1797 venena
1082 1754 1149 1822 per
1169 1729 1315 1814 orbem,

289 1895 295 1914 r
360 1873 528 1948 Nunc
549 1875 695 1969 quoque
710 1864 856 1940 vicinam
874 1867 1041 1962 puppim,
1058 1893 1125 1942 ceu
1140 1875 1299 1971 naviger,
1312 1875 1418 1981 Argo

422 2015 460 2142 A
486 1996 599 2094 dextri
619 2013 730 2090 lateris
751 2011 862 2086 ducit
869 2012 1012 2112 regione
1032 2037 1096 2110 per
1118 2015 1214 2088 astra.

422 2169 494 2248 Sed
519 2188 593 2240 tum
615 2163 725 2262 prima
742 2161 820 2236 suos
838 2161 964 2258 puppis
987 2159 1194 2262 consurgit
1185 2189 1220 2235 rn
1241 2163 1363 2266 ignes,

422 2323 594 2412 Quattuor
611 2317 648 2389 in
671 2315 884 2414 partescum
905 2314 1066 2416 corniger
1086 2313 1206 2389 extulit
1230 2339 1303 2390 ora.
1381 2304 1385 2327 ¹

300 2533 302 2546 .
349 2466 400 2542 40
419 2463 489 2570 ⁴lili*
507 2465 656 2566 quisquis
681 2467 745 2540 erit
766 2466 864 2539 terris'
883 2465 1019 2539 oriente
1040 2484 1195 2548 creatus,

421 2597 547 2694 Redor
568 2617 631 2692 erit
652 2612 801 2714 puppis,
825 2610 997 2709 clavoque
1017 2605 1206 2687 immobilis
1227 2614 1362 2688 haerens

420 2765 569 2840 Mutabit
592 2761 719 2863 pelago
743 2784 869 2849 terras,
891 2761 1071 2860 ventisque
1095 2751 1254 2861 sequetur

421 2911 628 3014 Fortunam,
654 2931 839 3006 totumque
861 2906 958 2984 volet
980 2932 1112 2984 tranare
1138 2911 1352 3008 profundum

423 3059 613 3149 Claffibus,
634 3081 738 3158 atque
760 3055 846 3132 alios
871 3058 1006 3155 Minyas
1013 3053 1025 3149 3
1047 3057 1222 3155 aliumque
1241 3057 1363 3133 videre

349 3199 398 3281 '45
422 3204 563 3298 Phasin,
589 3205 625 3277 dr
647 3205 684 3277 in
705 3227 821 3279 cautes
843 3205 985 3305 Tiphyn
1003 3180 1160 3305 superare
1181 3228 1402 3280 trementem.
1522 3267 1524 3270 ,

458 3437 500 3534 V,
519 3491 572 3551 30,
593 3487 625 3549 31
641 3469 657 3530 ai
672 3467 798 3572 Bentleio
816 3466 1032 3547 proscribuntur.
1045 3470 1078 3531 In
1093 3460 1185 3547 priore
1197 3466 1331 3550 legimus,
1343 3471 1409 3532 His

425 3583 520 3660 stellis,
539 3605 590 3662 pro
610 3587 684 3648 Has
696 3589 699 3598 '
711 3583 811 3660 stellis,
836 3583 912 3665 quod
941 3584 1043 3647 habent
1063 3583 1157 3656 ceteri.
1187 3581 1290 3644 Nullas
1313 3604 1410 3657 eorum

424 3679 555 3760 aneorum
580 3699 652 3761 vires
677 3699 760 3778 poeta
779 3714 993 3760 memoraverat.
1015 3696 1118 3778 Scripti
1137 3697 1246 3782 &editi
1262 3720 1314 3779 pru
1334 3700 1409 3762 Has

423 3809 528 3898 habent
544 3812 595 3875 Ab
612 3812 660 3878 vel
679 3813 729 3878 Ac
748 3812 795 3878 rel
811 3813 868 3882 Ar.
886 3811 933 3878 Sc.
954 3813 1038 3875 Has.
